2334 3934
181 243 208 248 -κ
281 213 380 280 rsn.
410 216 457 280 11.
489 194 759 296 riu-usur.
972 225 1037 290 ,se
1127 245 1133 254 ²

28 367 184 450 aspexisti,
204 369 362 452 retiariae,
379 355 514 434 aiotaiae·
530 371 589 432 tibi
609 382 775 434 oecurrsmt
794 370 933 452 iniurias,
957 393 1033 454 quae
1067 427 1074 434 .

29 463 55 514 te
70 458 225 540 respirare
241 477 304 516 non
320 457 438 518 sinunt.
483 463 532 526 19.
562 458 768 533 Quamobrem
785 468 821 518 ut
839 459 978 539 improbo
1002 469 1033 521 et

27 540 176 602 atulloaet
195 541 287 603 inerti
304 544 417 605 nemini
435 543 512 604 bene
529 564 593 604 essa
607 553 726 625 polest,
756 544 800 604 aio
815 543 914 604 bonus
934 547 1032 606 viret
1106 562 1113 570 “

28 627 112 686 fortia
134 635 167 686 et
186 628 304 709 sapiens
326 629 419 690 miser
441 647 581 708 essenon
598 636 712 712 potest.
755 631 821 690 Neo
836 626 916 706 vero,
939 633 1032 690 cuiue
1060 663 1067 670 -

28 705 305 795 uirtua'moresque
326 713 485 778 laudandi
505 727 589 796 sunt,
611 719 679 775 eius
695 737 758 775 non
779 713 945 776 laudanda
965 719 1033 778 vitu

29 810 85 856 ers.-
105 819 208 878 neque
223 819 315 882 porro
332 801 474 882 fugienda
490 801 560 879 vita,
580 821 657 882 quse
675 801 832 865 laudanda
846 811 901 867 eat.
944 801 1032 863 Esset

29 895 123 945 autem
143 883 306 964 fugienda,
334 885 361 947 si
383 897 460 949 esset
488 887 606 950 misera.
656 887 859 962 Quamobrem
882 886 1030 967 quidquid

29 979 66 1028 eat
86 971 258 1053 laudabile,
279 971 365 1034 idem
380 981 411 1034 et
436 971 557 1036 beatum
579 984 610 1036 et
630 972 745 1037 floreus
766 983 797 1036 et
824 974 1029 1056 expetendum

29 1054 120 1119 rideri
141 1057 243 1121 debet.

400 1221 613 1238 m

296 1349 630 1443 ,rsusuoxort
656 1351 725 1416 ΙΙΙ.

96 1463 171 1533 ''Ors
192 1465 245 1532 loa
265 1464 303 1532 roi
324 1465 524 1554 ἄμαρτῆματα
542 1471 594 1536 καὶ
614 1471 651 1536 ri
672 1465 901 1554 κατορθώματα.

104 1553 269 1634 Aequalia
290 1576 352 1614 esse
370 1569 500 1636 peccata
521 1569 550 1617 et
569 1570 647 1618 recte
659 1561 768 1636 sacta.

38 1701 43 1714 ,
83 1639 108 1704 1.
126 1645 187 1714 20.
210 1642 329 1718 Purra,
350 1642 465 1722 iuquit,
486 1665 535 1704 rea
559 1655 620 1703 ert.-
643 1654 675 1702 at
695 1662 801 1722 magna
823 1639 923 1721 culpa.
965 1637 1028 1699 Neo

30 1725 254 1808 enimpeooata,
269 1746 372 1788 rerum
393 1737 515 1807 eventu,
537 1728 590 1789 sed
608 1729 692 1790 vitiis
704 1727 863 1793 hominum
877 1723 1028 1785 metienda
1071 1795 1077 1800 ,

30 1819 100 1872 aunt.
135 1809 182 1875 ·ln
200 1831 261 1890 quo
275 1821 427 1892 pareatur,
442 1813 476 1874 id
491 1822 592 1894 potest
604 1814 688 1876 aliud
702 1813 762 1874 slio
783 1811 879 1872 maius
894 1829 957 1870 ease
973 1819 1027 1870 aut

29 1894 137 1964 miuus}
174 1895 277 1978 ipsum
305 1897 427 1976 quidem
456 1899 537 1960 illud
569 1920 706 1982 peceare,
734 1917 857 1978 quoquo
887 1895 1026 1974 verteris,

30 1999 113 2042 uuum
135 1991 191 2048 eat.
235 1982 311 2044 Auri
329 2001 438 2046 nerem
455 1993 571 2046 evertat
585 1987 775 2064 gubernator,
797 2003 836 2042 an
851 1982 970 2062 paleam
990 1980 1026 2040 in

29 2082 56 2124 te
69 2067 268 2148 aliquantum,
281 2069 312 2150 ip
329 2068 539 2148 gubernatoris
556 2071 679 2130 inscitia
695 2068 773 2130 nihil
786 2069 924 2149 intereat.
966 2065 1026 2125 La·

29 2169 73 2228 psa
89 2163 136 2214 est
152 2145 297 2215 libido'in
310 2154 437 2215 muliere
452 2155 572 2234 ignota:
595 2155 685 2216 dolor
699 2155 738 2216 ad
753 2155 907 2235 pauciores
925 2151 1027 2234 perti·
1068 2232 1073 2238 .

30 2247 85 2315 net,
106 2259 197 2318 quam
224 2239 251 2298 ai
270 2240 410 2322 petulans
432 2241 537 2302 fuisset
551 2241 586 2299 in
601 2241 703 2326 eliqua
719 2259 863 2320 generosa
878 2258 913 2297 ao
930 2236 1026 2300 nobili

29 2321 154 2402 virgine:
176 2325 316 2406 peccavit
332 2345 406 2386 vero
422 2324 631 2404 nihilomiuus,
647 2327 674 2389 ai
693 2325 814 2410 quidem
829 2332 875 2384 est
888 2341 1026 2406 peccare,

29 2413 174 2488 tamquam
188 2410 340 2472 transilire
359 2411 471 2472 lineas:
494 2410 577 2491 quod
593 2431 687 2490 quum
702 2411 819 2484 feceris,
835 2407 925 2490 oulpa
942 2428 1025 2506 oopu-
1053 2479 1056 2484 ,
1073 2425 1076 2430 ·

29 2493 107 2554 misae
134 2504 197 2558 ests
227 2515 316 2576 quam
334 2497 423 2575 longe
442 2495 645 2578 progrediere,
667 2515 761 2576 quum
781 2494 1024 2556 semel-tranare-

28 2577 74 2654 ria,
102 2581 143 2642 ad
167 2581 333 2660 augendam
354 2582 475 2662 eulpam
497 2580 578 2642 nihil
600 2582 741 2663 pertinet.
785 2581 914 2640 Pecoare
944 2586 1045 2638 oerte.

28 2660 89 2725 licet
112 2665 238 2746 nemini.
280 2665 372 2742 Quod
393 2676 493 2728 autem
513 2688 577 2728 non
592 2669 675 2745 lieet,
686 2667 728 2726 id
743 2665 802 2725 hoc
814 2684 877 2724 uno
892 2672 1024 2752 tenatur,

10 2747 47 2806 'ti
69 2753 207 2832 arguitur
227 2771 290 2812 non
307 2751 407 2812 licere.
450 2751 486 2812 ld
508 2753 534 2812 ai
558 2772 616 2812 neo
635 2753 732 2812 maius
747 2771 806 2810 neo
825 2749 927 2810 minus
950 2768 1023 2808 um·
1075 2807 1084 2816 ,

28 2851 107 2912 quam
120 2837 189 2900 fieri
208 2845 310 2919 potest
325 2833 479 2922 (quoniam
494 2836 529 2895 in
544 2855 579 2895 eo
601 2846 646 2897 eat
660 2845 832 2917 peccatum,
853 2835 961 2894 alnon
980 2833 1023 2893 li.
1068 2844 1072 2848 ·
1152 2854 1156 2860 -

10 2963 11 2976 ,
28 2922 98 3001 cuit,
121 2923 205 3004 quod
226 2942 347 3004 semper
362 2943 457 2984 uuum
474 2929 505 2981 et
520 2921 601 2982 idem
617 2921 675 3003 eat)
695 2942 773 3002 quae
792 2940 831 2980 ex
846 2940 881 2980 eo
896 2917 1023 3002 paccata

10 3006 193 3091 ¹nascuntur,
212 3007 346 3088 aequalia
375 3008 437 3068 aiut
464 3016 594 3088 oportet.
638 3013 690 3074 21.
722 3007 814 3081 Quod
841 3001 867 3066 ai
893 3006 1023 3066 virtutes

10 3091 104 3167 lpures
119 3101 192 3156 suut
212 3094 293 3155 inter
307 3111 357 3154 see
377 3093 463 3175 paria
479 3109 542 3152 eaae
560 3092 651 3155 etiam
663 3091 737 3152 vitia
755 3111 877 3152 necesse
890 3100 944 3152 eat.
967 3091 1022 3152 At·
1059 3092 1080 3098 ''
1154 3140 1155 3187 3

10 3167 71 3254 iqui
90 3199 180 3260 pares
196 3199 258 3240 ease
272 3178 411 3257 virtutes,
431 3197 488 3244 neo
504 3176 583 3238 bono
598 3177 666 3239 viro
686 3177 852 3253 meliorem,
872 3195 930 3238 neo
942 3183 1021 3236 tem·
1154 3222 1155 3259 ,

10 3271 12 3354 p
27 3273 141 3338 perante
159 3264 435 3346 temperantiorem,
457 3282 515 3324 nee
533 3263 609 3322 forti
626 3263 794 3341 fortiorem,
811 3282 869 3322 neo
887 3260 1022 3344 sapienta
1123 3323 1127 3329 ,
1154 3262 1155 3323 j

27 3349 231 3427 sapientiorem
261 3369 350 3434 posse
375 3348 459 3426 fieri,
485 3348 629 3412 facillima
656 3345 924 3431 potest·perspioi.
973 3349 1023 3406 An
1096 3385 1098 3388 -

26 3431 117 3496 virum
144 3435 261 3498 bonum
289 3435 382 3515 dices,
409 3435 463 3517 qui
491 3434 663 3516 depositum
676 3433 777 3513 'nullo
806 3440 898 3508 teate,
929 3451 1023 3512 quum

27 3505 129 3602 lumin
156 3522 282 3605 impune
309 3532 414 3605 posset
439 3520 510 3582 auri
532 3519 636 3603 pondo
665 3518 778 3596 decem,
797 3518 975 3596 reddiderit,
994 3517 1023 3577 ti

866 3685 997 3761 rf-
