<?xml version="1.0" encoding="UTF-8"?>
<!DOCTYPE html PUBLIC "-//W3C//DTD XHTML 1.0 Transitional//EN"
    "http://www.w3.org/TR/xhtml1/DTD/xhtml1-transitional.dtd">
<html xmlns="http://www.w3.org/1999/xhtml" xml:lang="en" lang="en">
 <head>
  <title>
</title>
<meta http-equiv="Content-Type" content="text/html;charset=utf-8" />
  <meta name='ocr-system' content='tesseract 3.04.00' />
  <meta name='ocr-capabilities' content='ocr_page ocr_carea ocr_par ocr_line ocrx_word'/>
</head>
<body>
  <div class='ocr_page' id='page_1' title='image "./mtulliiciceroni113cicegoog/mtulliiciceroni113cicegoog_0079.png"; bbox 0 0 2334 3934; ppageno 0'>
   <div class='ocr_carea' id='block_1_1' title="bbox 247 131 1041 267">
    <p class='ocr_par' dir='ltr' id='par_1_1' title="bbox 247 115 1139 267">
     <span class='ocr_line' id='line_1_1' title="bbox 247 131 1041 267; baseline 0.007 -48"><span class='ocrx_word' id='word_1_1' title='bbox 247 156 308 219; x_wconf 86' lang='lat' dir='ltr'><strong>uu</strong></span> <span class='ocrx_word' id='word_1_2' title='bbox 329 145 559 267; x_wconf 79' lang='grc'><strong>’66666666</strong></span> <span class='ocrx_word' id='word_1_3' title='bbox 581 153 680 218; x_wconf 82' lang='grc'><strong>666</strong></span> <span class='ocrx_word' id='word_1_4' title='bbox 700 157 751 224; x_wconf 81' lang='lat' dir='ltr'><strong>es.</strong></span> <span class='ocrx_word' id='word_1_5' title='bbox 773 155 847 224; x_wconf 82' lang='grc'><strong>66</strong></span> <span class='ocrx_word' id='word_1_6' title='bbox 996 131 1041 224; x_wconf 70' lang='lat' dir='ltr'><strong>at</strong></span> 
     </span>
    </p>
   </div>
   <div class='ocr_carea' id='block_1_2' title="bbox 30 259 1085 409">
    <p class='ocr_par' dir='ltr' id='par_1_2' title="bbox 30 259 1085 409">
     <span class='ocr_line' id='line_1_2' title="bbox 30 259 1085 409; baseline -0.001 -37"><span class='ocrx_word' id='word_1_7' title='bbox 30 311 157 389; x_wconf 85' lang='lat' dir='ltr'><strong>talium,</strong></span> <span class='ocrx_word' id='word_1_8' title='bbox 186 309 274 398; x_wconf 82' lang='lat' dir='ltr'><strong>nobis</strong></span> <span class='ocrx_word' id='word_1_9' title='bbox 303 309 543 409; x_wconf 69' lang='lat' dir='ltr'><strong>defendentibus,</strong></span> <span class='ocrx_word' id='word_1_10' title='bbox 570 259 660 370; x_wconf 84' lang='grc'><strong>666616</strong></span> <span class='ocrx_word' id='word_1_11' title='bbox 687 311 837 371; x_wconf 84' lang='lat' dir='ltr'><strong>vincebat.</strong></span> <span class='ocrx_word' id='word_1_12' title='bbox 881 309 990 390; x_wconf 80' lang='lat' dir='ltr'><strong>Atque</strong></span> <span class='ocrx_word' id='word_1_13' title='bbox 1005 310 1085 391; x_wconf 84' lang='lat' dir='ltr'><strong>id</strong></span> 
     </span>
    </p>
   </div>
   <div class='ocr_carea' id='block_1_3' title="bbox 32 389 1154 494">
    <p class='ocr_par' dir='ltr' id='par_1_3' title="bbox 32 389 1154 494">
     <span class='ocr_line' id='line_1_3' title="bbox 32 389 1154 494; baseline -0.002 -38"><span class='ocrx_word' id='word_1_14' title='bbox 32 407 136 458; x_wconf 87' lang='lat' dir='ltr'><strong>actum</strong></span> <span class='ocrx_word' id='word_1_15' title='bbox 155 407 199 458; x_wconf 89' lang='lat' dir='ltr'><strong>est</strong></span> <span class='ocrx_word' id='word_1_16' title='bbox 211 389 349 477; x_wconf 82' lang='lat' dir='ltr'><strong>praetore</strong></span> <span class='ocrx_word' id='word_1_17' title='bbox 362 417 421 494; x_wconf 81' lang='lat' dir='ltr'><strong>rne,</strong></span> <span class='ocrx_word' id='word_1_18' title='bbox 427 395 642 484; x_wconf 88' lang='lat' dir='ltr'><strong>quinquennio</strong></span> <span class='ocrx_word' id='word_1_19' title='bbox 659 406 728 455; x_wconf 91' lang='lat' dir='ltr'><strong>ante</strong></span> <span class='ocrx_word' id='word_1_20' title='bbox 741 418 829 474; x_wconf 86' lang='lat' dir='ltr'><strong>quam</strong></span> <span class='ocrx_word' id='word_1_21' title='bbox 852 396 958 456; x_wconf 88' lang='lat' dir='ltr'><strong>consul</strong></span> <span class='ocrx_word' id='word_1_22' title='bbox 969 414 1040 471; x_wconf 77' lang='lat' dir='ltr'><strong>sum</strong></span> <span class='ocrx_word' id='word_1_23' title='bbox 1142 424 1154 435; x_wconf 48' lang='grc' dir='ltr'>ν</span> 
     </span>
    </p>
   </div>
   <div class='ocr_carea' id='block_1_4' title="bbox 26 460 1136 1840">
    <p class='ocr_par' dir='ltr' id='par_1_4' title="bbox 31 460 1136 1840">
     <span class='ocr_line' id='line_1_4' title="bbox 32 460 1052 580; baseline -0.003 -37"><span class='ocrx_word' id='word_1_24' title='bbox 32 484 233 543; x_wconf 85' lang='grc'><strong>1666666166</strong></span> <span class='ocrx_word' id='word_1_25' title='bbox 256 505 290 544; x_wconf 96' lang='grc'><strong>66</strong></span> <span class='ocrx_word' id='word_1_26' title='bbox 303 481 403 560; x_wconf 86' lang='lat' dir='ltr'><strong>magis</strong></span> <span class='ocrx_word' id='word_1_27' title='bbox 425 501 524 580; x_wconf 77' lang='lat' dir='ltr'><strong>quam</strong></span> <span class='ocrx_word' id='word_1_28' title='bbox 531 472 712 542; x_wconf 75' lang='lat' dir='ltr'><strong>auctoritite</strong></span> <span class='ocrx_word' id='word_1_29' title='bbox 729 503 834 541; x_wconf 78' lang='lat' dir='ltr'><strong>caussa</strong></span> <span class='ocrx_word' id='word_1_30' title='bbox 847 481 901 540; x_wconf 91' lang='lat' dir='ltr'><strong>illa</strong></span> <span class='ocrx_word' id='word_1_31' title='bbox 916 460 1052 540; x_wconf 73' lang='lat' dir='ltr'><strong>detensa</strong></span> 
     </span>
     <span class='ocr_line' id='line_1_5' title="bbox 33 565 1039 645; baseline -0.003 -18"><span class='ocrx_word' id='word_1_32' title='bbox 33 577 87 630; x_wconf 90' lang='lat' dir='ltr'><strong>est.</strong></span> <span class='ocrx_word' id='word_1_33' title='bbox 133 569 244 632; x_wconf 86' lang='lat' dir='ltr'>XXVI</span> <span class='ocrx_word' id='word_1_34' title='bbox 273 574 326 636; x_wconf 82' lang='lat'><strong>97.</strong></span> <span class='ocrx_word' id='word_1_35' title='bbox 355 565 493 642; x_wconf 89' lang='lat' dir='ltr'><strong>Quod</strong></span> <span class='ocrx_word' id='word_1_36' title='bbox 469 587 494 626; x_wconf 86' lang='grc'><strong>66</strong></span> <span class='ocrx_word' id='word_1_37' title='bbox 516 567 548 626; x_wconf 90' lang='lat' dir='ltr'><strong>in</strong></span> <span class='ocrx_word' id='word_1_38' title='bbox 569 587 675 644; x_wconf 88' lang='lat' dir='ltr'><strong>scens,</strong></span> <span class='ocrx_word' id='word_1_39' title='bbox 683 567 729 627; x_wconf 95' lang='grc'><strong>661</strong></span> <span class='ocrx_word' id='word_1_40' title='bbox 750 577 803 645; x_wconf 82' lang='lat' dir='ltr'><strong>est,</strong></span> <span class='ocrx_word' id='word_1_41' title='bbox 825 567 860 626; x_wconf 90' lang='lat' dir='ltr'><strong>iu</strong></span> <span class='ocrx_word' id='word_1_42' title='bbox 872 567 1039 641; x_wconf 86' lang='lat' dir='ltr'>concione,</span> 
     </span>
     <span class='ocr_line' id='line_1_6' title="bbox 26 652 1039 732; baseline 0.005 -22.03"><span class='ocrx_word' id='word_1_43' title='bbox 26 652 64 710; x_wconf 91' lang='lat' dir='ltr'><strong>in</strong></span> <span class='ocrx_word' id='word_1_44' title='bbox 82 673 144 732; x_wconf 91' lang='lat' dir='ltr'><strong>qua</strong></span> <span class='ocrx_word' id='word_1_45' title='bbox 156 654 246 713; x_wconf 90' lang='lat' dir='ltr'><strong>rebus</strong></span> <span class='ocrx_word' id='word_1_46' title='bbox 263 653 343 714; x_wconf 85' lang='lat' dir='ltr'><strong>fictis</strong></span> <span class='ocrx_word' id='word_1_47' title='bbox 363 663 393 714; x_wconf 90' lang='lat' dir='ltr'><strong>et</strong></span> <span class='ocrx_word' id='word_1_48' title='bbox 407 652 591 711; x_wconf 80' lang='lat' dir='ltr'><strong>adumbratis</strong></span> <span class='ocrx_word' id='word_1_49' title='bbox 606 652 669 732; x_wconf 78' lang='lat' dir='ltr'><strong>loei</strong></span> <span class='ocrx_word' id='word_1_50' title='bbox 682 653 850 732; x_wconf 88' lang='lat' dir='ltr'><strong>plurimum</strong></span> <span class='ocrx_word' id='word_1_51' title='bbox 864 661 921 730; x_wconf 89' lang='lat' dir='ltr'><strong>est,</strong></span> <span class='ocrx_word' id='word_1_52' title='bbox 935 661 1039 715; x_wconf 75' lang='lat' dir='ltr'><strong>minen</strong></span> 
     </span>
     <span class='ocr_line' id='line_1_7' title="bbox 31 698 1068 818; baseline -0.003 -20"><span class='ocrx_word' id='word_1_53' title='bbox 31 757 138 798; x_wconf 81' lang='lat' dir='ltr'><strong>verum</strong></span> <span class='ocrx_word' id='word_1_54' title='bbox 160 729 255 816; x_wconf 85' lang='lat' dir='ltr'><strong>valet,</strong></span> <span class='ocrx_word' id='word_1_55' title='bbox 283 739 424 798; x_wconf 89' lang='lat' dir='ltr'><strong>simodo</strong></span> <span class='ocrx_word' id='word_1_56' title='bbox 448 737 482 796; x_wconf 91' lang='lat' dir='ltr'><strong>id</strong></span> <span class='ocrx_word' id='word_1_57' title='bbox 503 719 689 818; x_wconf 78' lang='lat' dir='ltr'><strong>patefactiim</strong></span> <span class='ocrx_word' id='word_1_58' title='bbox 716 746 747 796; x_wconf 88' lang='lat' dir='ltr'><strong>et</strong></span> <span class='ocrx_word' id='word_1_59' title='bbox 769 698 954 798; x_wconf 80' lang='lat' dir='ltr'><strong>illustratrim</strong></span> <span class='ocrx_word' id='word_1_60' title='bbox 971 745 1039 814; x_wconf 85' lang='grc'><strong>,,666</strong></span> <span class='ocrx_word' id='word_1_61' title='bbox 1065 747 1068 756; x_wconf 76' lang='grc'><em>’</em></span> 
     </span>
     <span class='ocr_line' id='line_1_8' title="bbox 33 781 1039 904; baseline 0.002 -23"><span class='ocrx_word' id='word_1_62' title='bbox 33 823 135 901; x_wconf 87' lang='lat' dir='ltr'><strong>quid&#39;</strong></span> <span class='ocrx_word' id='word_1_63' title='bbox 126 845 158 883; x_wconf 90' lang='lat' dir='ltr'><strong>rn</strong></span> <span class='ocrx_word' id='word_1_64' title='bbox 173 824 303 892; x_wconf 81' lang='lat' dir='ltr'><strong>amicitia</strong></span> <span class='ocrx_word' id='word_1_65' title='bbox 321 821 387 884; x_wconf 86' lang='grc'><strong>11661</strong></span> <span class='ocrx_word' id='word_1_66' title='bbox 406 831 535 904; x_wconf 83' lang='lat' dir='ltr'><strong>oportet,</strong></span> <span class='ocrx_word' id='word_1_67' title='bbox 560 843 635 901; x_wconf 90' lang='lat' dir='ltr'><strong>quae</strong></span> <span class='ocrx_word' id='word_1_68' title='bbox 650 833 713 882; x_wconf 84' lang='lat' dir='ltr'><strong>tote</strong></span> <span class='ocrx_word' id='word_1_69' title='bbox 731 824 856 882; x_wconf 84' lang='lat' dir='ltr'><strong>veritate</strong></span> <span class='ocrx_word' id='word_1_70' title='bbox 873 781 1039 904; x_wconf 79' lang='lat' dir='ltr'><strong>perpendi-</strong></span> 
     </span>
     <span class='ocr_line' id='line_1_9' title="bbox 32 908 1040 997; baseline 0.002 -30"><span class='ocrx_word' id='word_1_71' title='bbox 32 909 136 968; x_wconf 76' lang='lat' dir='ltr'><strong>tur?</strong></span> <span class='ocrx_word' id='word_1_72' title='bbox 126 930 161 968; x_wconf 87' lang='lat' dir='ltr'><strong>rn</strong></span> <span class='ocrx_word' id='word_1_73' title='bbox 177 916 237 988; x_wconf 88' lang='lat' dir='ltr'><strong>qua</strong></span> <span class='ocrx_word' id='word_1_74' title='bbox 250 910 321 982; x_wconf 87' lang='lat' dir='ltr'><strong>nisi,</strong></span> <span class='ocrx_word' id='word_1_75' title='bbox 334 919 373 968; x_wconf 82' lang='lat' dir='ltr'><strong>ut</strong></span> <span class='ocrx_word' id='word_1_76' title='bbox 388 908 523 997; x_wconf 82' lang='lat' dir='ltr'><strong>dicitur,</strong></span> <span class='ocrx_word' id='word_1_77' title='bbox 527 919 667 986; x_wconf 83' lang='lat' dir='ltr'><strong>apertum</strong></span> <span class='ocrx_word' id='word_1_78' title='bbox 681 910 785 991; x_wconf 85' lang='lat' dir='ltr'><strong>pectus</strong></span> <span class='ocrx_word' id='word_1_79' title='bbox 799 909 915 984; x_wconf 80' lang='lat' dir='ltr'><strong>videas,</strong></span> <span class='ocrx_word' id='word_1_80' title='bbox 930 919 1040 978; x_wconf 85' lang='lat' dir='ltr'><strong>tuum-</strong></span> 
     </span>
     <span class='ocr_line' id='line_1_10' title="bbox 34 988 1041 1072; baseline -0.001 -19"><span class='ocrx_word' id='word_1_81' title='bbox 34 1014 100 1072; x_wconf 91' lang='lat' dir='ltr'><strong>que</strong></span> <span class='ocrx_word' id='word_1_82' title='bbox 110 993 261 1070; x_wconf 84' lang='lat' dir='ltr'><strong>ostendas,</strong></span> <span class='ocrx_word' id='word_1_83' title='bbox 288 993 368 1054; x_wconf 89' lang='lat' dir='ltr'><strong>nibil</strong></span> <span class='ocrx_word' id='word_1_84' title='bbox 395 988 500 1067; x_wconf 82' lang='lat' dir='ltr'><strong>fidum,</strong></span> <span class='ocrx_word' id='word_1_85' title='bbox 527 992 608 1054; x_wconf 85' lang='lat' dir='ltr'><strong>nihil</strong></span> <span class='ocrx_word' id='word_1_86' title='bbox 633 995 825 1072; x_wconf 80' lang='lat' dir='ltr'><strong>exploratum</strong></span> <span class='ocrx_word' id='word_1_87' title='bbox 852 993 1006 1070; x_wconf 81' lang='lat' dir='ltr'><strong>habeas3&#39;</strong></span> <span class='ocrx_word' id='word_1_88' title='bbox 1000 1012 1041 1052; x_wconf 90' lang='lat' dir='ltr'><strong>ue</strong></span> 
     </span>
     <span class='ocr_line' id='line_1_11' title="bbox 35 1078 1038 1178; baseline 0.002 -42"><span class='ocrx_word' id='word_1_89' title='bbox 35 1100 133 1140; x_wconf 84' lang='lat' dir='ltr'><strong>amare</strong></span> <span class='ocrx_word' id='word_1_90' title='bbox 148 1080 269 1178; x_wconf 81' lang='lat' dir='ltr'><strong>quidem</strong></span> <span class='ocrx_word' id='word_1_91' title='bbox 283 1088 336 1138; x_wconf 88' lang='lat' dir='ltr'><strong>aut</strong></span> <span class='ocrx_word' id='word_1_92' title='bbox 351 1079 460 1150; x_wconf 85' lang='grc'><strong>666661,</strong></span> <span class='ocrx_word' id='word_1_93' title='bbox 483 1096 585 1156; x_wconf 88' lang='lat' dir='ltr'><strong>quum,</strong></span> <span class='ocrx_word' id='word_1_94' title='bbox 599 1079 632 1138; x_wconf 91' lang='lat' dir='ltr'><strong>id</strong></span> <span class='ocrx_word' id='word_1_95' title='bbox 650 1099 738 1158; x_wconf 86' lang='lat' dir='ltr'><strong>quam</strong></span> <span class='ocrx_word' id='word_1_96' title='bbox 753 1098 823 1138; x_wconf 87' lang='lat' dir='ltr'><strong>vere</strong></span> <span class='ocrx_word' id='word_1_97' title='bbox 833 1078 918 1176; x_wconf 80' lang='lat' dir='ltr'><strong>fiat,&#39;</strong></span> <span class='ocrx_word' id='word_1_98' title='bbox 908 1098 1038 1158; x_wconf 84' lang='lat' dir='ltr'><strong>rguores</strong></span> 
     </span>
     <span class='ocr_line' id='line_1_12' title="bbox 37 1164 1039 1244; baseline 0.002 -22"><span class='ocrx_word' id='word_1_99' title='bbox 37 1165 250 1244; x_wconf 77' lang='lat' dir='ltr'><strong>Quamquam</strong></span> <span class='ocrx_word' id='word_1_100' title='bbox 242 1175 299 1224; x_wconf 81' lang='lat' dir='ltr'><strong>ists</strong></span> <span class='ocrx_word' id='word_1_101' title='bbox 311 1164 492 1244; x_wconf 55' lang='lat' dir='ltr'><strong>⁸assentatio,</strong></span> <span class='ocrx_word' id='word_1_102' title='bbox 515 1164 652 1242; x_wconf 88' lang='lat' dir='ltr'><strong>quamvis</strong></span> <span class='ocrx_word' id='word_1_103' title='bbox 670 1164 840 1243; x_wconf 81' lang='lat' dir='ltr'><strong>perniciosa</strong></span> <span class='ocrx_word' id='word_1_104' title='bbox 859 1165 907 1240; x_wconf 88' lang='grc'><strong>666,</strong></span> <span class='ocrx_word' id='word_1_105' title='bbox 928 1181 1039 1224; x_wconf 90' lang='lat' dir='ltr'><strong>nocere</strong></span> 
     </span>
     <span class='ocr_line' id='line_1_13' title="bbox 35 1249 1038 1341; baseline 0.003 -34"><span class='ocrx_word' id='word_1_106' title='bbox 35 1255 134 1309; x_wconf 81' lang='lat' dir='ltr'><strong>tamen</strong></span> <span class='ocrx_word' id='word_1_107' title='bbox 151 1250 264 1308; x_wconf 85' lang='lat' dir='ltr'><strong>nemini</strong></span> <span class='ocrx_word' id='word_1_108' title='bbox 264 1257 392 1341; x_wconf 84' lang='lat' dir='ltr'><strong>potest,</strong></span> <span class='ocrx_word' id='word_1_109' title='bbox 415 1249 473 1308; x_wconf 86' lang='lat' dir='ltr'><strong>nisi</strong></span> <span class='ocrx_word' id='word_1_110' title='bbox 493 1249 533 1324; x_wconf 87' lang='grc'><strong>66,</strong></span> <span class='ocrx_word' id='word_1_111' title='bbox 550 1249 601 1326; x_wconf 89' lang='lat' dir='ltr'><strong>qui</strong></span> <span class='ocrx_word' id='word_1_112' title='bbox 625 1268 691 1308; x_wconf 89' lang='lat' dir='ltr'><strong>eam</strong></span> <span class='ocrx_word' id='word_1_113' title='bbox 707 1249 817 1330; x_wconf 81' lang='lat' dir='ltr'><strong>recipit</strong></span> <span class='ocrx_word' id='word_1_114' title='bbox 838 1259 929 1329; x_wconf 87' lang='lat' dir='ltr'><strong>atque</strong></span> <span class='ocrx_word' id='word_1_115' title='bbox 948 1251 982 1310; x_wconf 90' lang='lat' dir='ltr'><strong>in</strong></span> <span class='ocrx_word' id='word_1_116' title='bbox 1004 1269 1038 1311; x_wconf 81' lang='grc'><strong>66</strong></span> 
     </span>
     <span class='ocr_line' id='line_1_14' title="bbox 37 1320 1040 1434; baseline 0.003 -42"><span class='ocrx_word' id='word_1_117' title='bbox 37 1333 209 1396; x_wconf 79' lang='lat' dir='ltr'><strong>delectatur.</strong></span> <span class='ocrx_word' id='word_1_118' title='bbox 253 1320 311 1394; x_wconf 89' lang='grc'><strong>166</strong></span> <span class='ocrx_word' id='word_1_119' title='bbox 314 1332 381 1410; x_wconf 90' lang='lat' dir='ltr'><strong>fit,</strong></span> <span class='ocrx_word' id='word_1_120' title='bbox 405 1342 441 1394; x_wconf 88' lang='lat' dir='ltr'><strong>ut</strong></span> <span class='ocrx_word' id='word_1_121' title='bbox 466 1333 491 1392; x_wconf 92' lang='lat' dir='ltr'><strong>is</strong></span> <span class='ocrx_word' id='word_1_122' title='bbox 514 1334 746 1394; x_wconf 75' lang='lat' dir='ltr'><strong>assentatoribus</strong></span> <span class='ocrx_word' id='word_1_123' title='bbox 769 1335 931 1433; x_wconf 68' lang='lat' dir='ltr'><strong>patefaciet</strong></span> <span class='ocrx_word' id='word_1_124' title='bbox 949 1355 1040 1434; x_wconf 73' lang='lat' dir='ltr'><strong>aqres</strong></span> 
     </span>
     <span class='ocr_line' id='line_1_15' title="bbox 37 1417 1040 1500; baseline -0.002 -21"><span class='ocrx_word' id='word_1_125' title='bbox 37 1440 99 1479; x_wconf 87' lang='lat' dir='ltr'><strong>suas</strong></span> <span class='ocrx_word' id='word_1_126' title='bbox 122 1420 270 1495; x_wconf 84' lang='lat' dir='ltr'><strong>maxime,</strong></span> <span class='ocrx_word' id='word_1_127' title='bbox 299 1420 352 1498; x_wconf 92' lang='lat' dir='ltr'><strong>qui</strong></span> <span class='ocrx_word' id='word_1_128' title='bbox 369 1419 434 1497; x_wconf 86' lang='lat' dir='ltr'><strong>ipse</strong></span> <span class='ocrx_word' id='word_1_129' title='bbox 454 1417 511 1476; x_wconf 89' lang='lat' dir='ltr'><strong>sibi</strong></span> <span class='ocrx_word' id='word_1_130' title='bbox 530 1428 702 1478; x_wconf 81' lang='lat' dir='ltr'><strong>assentetur</strong></span> <span class='ocrx_word' id='word_1_131' title='bbox 721 1429 751 1479; x_wconf 91' lang='lat' dir='ltr'><strong>et</strong></span> <span class='ocrx_word' id='word_1_132' title='bbox 771 1440 804 1479; x_wconf 89' lang='lat' dir='ltr'><strong>se</strong></span> <span class='ocrx_word' id='word_1_133' title='bbox 825 1421 955 1484; x_wconf 76' lang='lat' dir='ltr'><strong>maxime</strong></span> <span class='ocrx_word' id='word_1_134' title='bbox 975 1421 1040 1500; x_wconf 89' lang='lat' dir='ltr'><strong>ipse</strong></span> 
     </span>
     <span class='ocr_line' id='line_1_16' title="bbox 37 1503 1040 1586; baseline 0.002 -24"><span class='ocrx_word' id='word_1_135' title='bbox 37 1503 171 1564; x_wconf 85' lang='lat' dir='ltr'><strong>delectet.</strong></span> <span class='ocrx_word' id='word_1_136' title='bbox 214 1510 265 1572; x_wconf 89' lang='lat'><strong>98.</strong></span> <span class='ocrx_word' id='word_1_137' title='bbox 303 1503 435 1562; x_wconf 88' lang='lat' dir='ltr'><strong>Omnino</strong></span> <span class='ocrx_word' id='word_1_138' title='bbox 466 1511 512 1586; x_wconf 80' lang='lat' dir='ltr'><strong>est</strong></span> <span class='ocrx_word' id='word_1_139' title='bbox 541 1517 643 1571; x_wconf 78' lang='lat' dir='ltr'><strong>amans</strong></span> <span class='ocrx_word' id='word_1_140' title='bbox 670 1505 720 1564; x_wconf 89' lang='lat' dir='ltr'><strong>sui</strong></span> <span class='ocrx_word' id='word_1_141' title='bbox 757 1505 867 1569; x_wconf 84' lang='lat' dir='ltr'><strong>virtus.</strong></span> <span class='ocrx_word' id='word_1_142' title='bbox 918 1506 1040 1586; x_wconf 70' lang='lat' dir='ltr'><strong>Optime</strong></span> 
     </span>
     <span class='ocr_line' id='line_1_17' title="bbox 39 1579 1039 1688; baseline 0.003 -41"><span class='ocrx_word' id='word_1_143' title='bbox 39 1589 113 1648; x_wconf 88' lang='lat' dir='ltr'><strong>euim</strong></span> <span class='ocrx_word' id='word_1_144' title='bbox 134 1608 166 1649; x_wconf 87' lang='lat' dir='ltr'><strong>se</strong></span> <span class='ocrx_word' id='word_1_145' title='bbox 181 1588 364 1668; x_wconf 87' lang='lat' dir='ltr'><strong>ipsauovit,</strong></span> <span class='ocrx_word' id='word_1_146' title='bbox 387 1579 538 1669; x_wconf 82' lang='lat' dir='ltr'><strong>quamque</strong></span> <span class='ocrx_word' id='word_1_147' title='bbox 567 1588 716 1650; x_wconf 80' lang='lat' dir='ltr'><strong>amabilis</strong></span> <span class='ocrx_word' id='word_1_148' title='bbox 722 1591 772 1666; x_wconf 89' lang='grc'><strong>616,</strong></span> <span class='ocrx_word' id='word_1_149' title='bbox 797 1590 947 1688; x_wconf 68' lang='lat' dir='ltr'><strong>inteiligit.</strong></span> <span class='ocrx_word' id='word_1_150' title='bbox 975 1590 1039 1668; x_wconf 84' lang='lat' dir='ltr'><strong>Ego</strong></span> 
     </span>
     <span class='ocr_line' id='line_1_18' title="bbox 39 1675 1113 1756; baseline 0.004 -26"><span class='ocrx_word' id='word_1_151' title='bbox 39 1683 136 1734; x_wconf 89' lang='lat' dir='ltr'><strong>autem</strong></span> <span class='ocrx_word' id='word_1_152' title='bbox 159 1695 222 1734; x_wconf 90' lang='lat' dir='ltr'><strong>non</strong></span> <span class='ocrx_word' id='word_1_153' title='bbox 245 1675 285 1734; x_wconf 86' lang='lat' dir='ltr'><strong>de</strong></span> <span class='ocrx_word' id='word_1_154' title='bbox 303 1675 419 1736; x_wconf 81' lang='lat' dir='ltr'><strong>virtute</strong></span> <span class='ocrx_word' id='word_1_155' title='bbox 443 1695 528 1734; x_wconf 84' lang='lat' dir='ltr'><strong>nunc</strong></span> <span class='ocrx_word' id='word_1_156' title='bbox 547 1675 668 1756; x_wconf 88' lang='lat' dir='ltr'><strong>loquor,</strong></span> <span class='ocrx_word' id='word_1_157' title='bbox 689 1676 745 1735; x_wconf 88' lang='lat' dir='ltr'><strong>sed</strong></span> <span class='ocrx_word' id='word_1_158' title='bbox 768 1676 806 1735; x_wconf 90' lang='lat' dir='ltr'><strong>de</strong></span> <span class='ocrx_word' id='word_1_159' title='bbox 827 1675 950 1736; x_wconf 88' lang='lat' dir='ltr'><strong>virtutis</strong></span> <span class='ocrx_word' id='word_1_160' title='bbox 968 1675 1040 1756; x_wconf 88' lang='lat' dir='ltr'><strong>opi·</strong></span> <span class='ocrx_word' id='word_1_161' title='bbox 1110 1695 1113 1700; x_wconf 61' lang='grc'><em>“</em></span> 
     </span>
     <span class='ocr_line' id='line_1_19' title="bbox 38 1759 1136 1840; baseline 0.002 -22"><span class='ocrx_word' id='word_1_162' title='bbox 38 1759 160 1820; x_wconf 85' lang='lat' dir='ltr'><strong>niens.</strong></span> <span class='ocrx_word' id='word_1_163' title='bbox 184 1759 306 1820; x_wconf 84' lang='lat' dir='ltr'><strong>Virtute</strong></span> <span class='ocrx_word' id='word_1_164' title='bbox 329 1760 409 1820; x_wconf 88' lang='lat' dir='ltr'><strong>enim</strong></span> <span class='ocrx_word' id='word_1_165' title='bbox 434 1761 499 1838; x_wconf 84' lang='lat' dir='ltr'><strong>ipsa</strong></span> <span class='ocrx_word' id='word_1_166' title='bbox 527 1781 592 1820; x_wconf 86' lang='lat' dir='ltr'><strong>nou</strong></span> <span class='ocrx_word' id='word_1_167' title='bbox 612 1771 674 1820; x_wconf 85' lang='lat' dir='ltr'><strong>tam</strong></span> <span class='ocrx_word' id='word_1_168' title='bbox 699 1761 788 1820; x_wconf 91' lang='lat' dir='ltr'><strong>multi</strong></span> <span class='ocrx_word' id='word_1_169' title='bbox 809 1761 940 1840; x_wconf 82' lang='lat' dir='ltr'><strong>praediti</strong></span> <span class='ocrx_word' id='word_1_170' title='bbox 965 1759 1047 1836; x_wconf 75' lang='lat' dir='ltr'><strong>esse,</strong></span> <span class='ocrx_word' id='word_1_171' title='bbox 1132 1786 1136 1792; x_wconf 93' lang='lat'>·</span> 
     </span>
    </p>
   </div>
   <div class='ocr_carea' id='block_1_5' title="bbox 41 1833 1149 1940">
    <p class='ocr_par' dir='ltr' id='par_1_5' title="bbox 41 1833 1149 1940">
     <span class='ocr_line' id='line_1_20' title="bbox 41 1833 1149 1940; baseline 0.002 -38"><span class='ocrx_word' id='word_1_172' title='bbox 41 1865 125 1940; x_wconf 87' lang='lat' dir='ltr'><strong>quam</strong></span> <span class='ocrx_word' id='word_1_173' title='bbox 142 1845 241 1906; x_wconf 84' lang='lat' dir='ltr'><strong>videri</strong></span> <span class='ocrx_word' id='word_1_174' title='bbox 257 1833 1052 1923; x_wconf 78' lang='grc' dir='ltr'><strong>6616666.Ηο66161666666666666616,166116666661.</strong></span> <span class='ocrx_word' id='word_1_175' title='bbox 1143 1855 1149 1859; x_wconf 83' lang='grc'><em>“</em></span> 
     </span>
    </p>
   </div>
   <div class='ocr_carea' id='block_1_6' title="bbox 13 1924 1083 2524">
    <p class='ocr_par' dir='ltr' id='par_1_6' title="bbox 41 1924 1040 2011">
     <span class='ocr_line' id='line_1_21' title="bbox 41 1924 1040 2011; baseline 0 -22"><span class='ocrx_word' id='word_1_176' title='bbox 41 1927 171 2008; x_wconf 85' lang='lat' dir='ltr'><strong>ipsorum</strong></span> <span class='ocrx_word' id='word_1_177' title='bbox 190 1931 378 1992; x_wconf 87' lang='lat' dir='ltr'><strong>voluntatem</strong></span> <span class='ocrx_word' id='word_1_178' title='bbox 394 1951 490 1992; x_wconf 84' lang='lat' dir='ltr'><strong>sermo</strong></span> <span class='ocrx_word' id='word_1_179' title='bbox 513 1953 607 2011; x_wconf 81' lang='lat' dir='ltr'><strong>quum</strong></span> <span class='ocrx_word' id='word_1_180' title='bbox 620 1924 790 2006; x_wconf 85' lang='lat' dir='ltr'><strong>adhibetur,</strong></span> <span class='ocrx_word' id='word_1_181' title='bbox 812 1932 979 1992; x_wconf 85' lang='lat' dir='ltr'><strong>orationem</strong></span> <span class='ocrx_word' id='word_1_182' title='bbox 997 1931 1040 1990; x_wconf 86' lang='lat' dir='ltr'><strong>il-</strong></span> 
     </span>
    </p>

    <p class='ocr_par' dir='ltr' id='par_1_7' title="bbox 40 2014 1083 2181">
     <span class='ocr_line' id='line_1_22' title="bbox 40 2014 1083 2099; baseline 0 -23"><span class='ocrx_word' id='word_1_183' title='bbox 40 2014 219 2077; x_wconf 71' lang='grc'><strong>1666666666</strong></span> <span class='ocrx_word' id='word_1_184' title='bbox 234 2015 440 2076; x_wconf 86' lang='lat' dir='ltr'><strong>testimonium</strong></span> <span class='ocrx_word' id='word_1_185' title='bbox 454 2037 516 2076; x_wconf 88' lang='lat' dir='ltr'><strong>esse</strong></span> <span class='ocrx_word' id='word_1_186' title='bbox 530 2017 655 2077; x_wconf 87' lang='lat' dir='ltr'><strong>laudum</strong></span> <span class='ocrx_word' id='word_1_187' title='bbox 671 2037 792 2078; x_wconf 85' lang='lat' dir='ltr'><strong>suarum</strong></span> <span class='ocrx_word' id='word_1_188' title='bbox 808 2027 928 2099; x_wconf 82' lang='lat' dir='ltr'><strong>putant</strong></span> <span class='ocrx_word' id='word_1_189' title='bbox 949 2017 1041 2077; x_wconf 86' lang='lat' dir='ltr'><strong>Nulla</strong></span> <span class='ocrx_word' id='word_1_190' title='bbox 1074 2066 1083 2070; x_wconf 82' lang='lat'><strong>-</strong></span> 
     </span>
     <span class='ocr_line' id='line_1_23' title="bbox 41 2101 1040 2181; baseline 0.004 -23.112"><span class='ocrx_word' id='word_1_191' title='bbox 41 2103 183 2180; x_wconf 86' lang='lat' dir='ltr'><strong>estigitur</strong></span> <span class='ocrx_word' id='word_1_192' title='bbox 198 2101 283 2162; x_wconf 86' lang='grc'><strong>16666</strong></span> <span class='ocrx_word' id='word_1_193' title='bbox 282 2101 426 2178; x_wconf 88' lang='lat' dir='ltr'><strong>amicitia,</strong></span> <span class='ocrx_word' id='word_1_194' title='bbox 442 2123 536 2181; x_wconf 88' lang='lat' dir='ltr'><strong>quum</strong></span> <span class='ocrx_word' id='word_1_195' title='bbox 553 2105 630 2162; x_wconf 88' lang='lat' dir='ltr'><strong>alter</strong></span> <span class='ocrx_word' id='word_1_196' title='bbox 643 2121 748 2164; x_wconf 71' lang='lat' dir='ltr'><strong>verunt</strong></span> <span class='ocrx_word' id='word_1_197' title='bbox 763 2102 867 2163; x_wconf 89' lang='lat' dir='ltr'><strong>audire</strong></span> <span class='ocrx_word' id='word_1_198' title='bbox 884 2124 946 2162; x_wconf 93' lang='lat' dir='ltr'><strong>non</strong></span> <span class='ocrx_word' id='word_1_199' title='bbox 959 2103 1040 2180; x_wconf 87' lang='lat' dir='ltr'><strong>vult,</strong></span> 
     </span>
    </p>

    <p class='ocr_par' dir='ltr' id='par_1_8' title="bbox 42 2185 1040 2288">
     <span class='ocr_line' id='line_1_24' title="bbox 42 2185 1040 2288; baseline 0.005 -47"><span class='ocrx_word' id='word_1_200' title='bbox 42 2185 111 2246; x_wconf 89' lang='lat' dir='ltr'><strong>alter</strong></span> <span class='ocrx_word' id='word_1_201' title='bbox 138 2188 177 2248; x_wconf 91' lang='lat' dir='ltr'><strong>ad</strong></span> <span class='ocrx_word' id='word_1_202' title='bbox 200 2187 408 2248; x_wconf 86' lang='lat' dir='ltr'><strong>mentiendum</strong></span> <span class='ocrx_word' id='word_1_203' title='bbox 432 2197 556 2269; x_wconf 88' lang='lat' dir='ltr'><strong>paratus</strong></span> <span class='ocrx_word' id='word_1_204' title='bbox 583 2197 638 2249; x_wconf 89' lang='lat' dir='ltr'><strong>est.</strong></span> <span class='ocrx_word' id='word_1_205' title='bbox 677 2190 752 2248; x_wconf 89' lang='lat' dir='ltr'><strong>Nec</strong></span> <span class='ocrx_word' id='word_1_206' title='bbox 773 2188 977 2288; x_wconf 78' lang='lat' dir='ltr'><strong>parasitorum</strong></span> <span class='ocrx_word' id='word_1_207' title='bbox 1005 2188 1040 2246; x_wconf 90' lang='lat' dir='ltr'><strong>in</strong></span> 
     </span>
    </p>

    <p class='ocr_par' dir='ltr' id='par_1_9' title="bbox 42 2273 1040 2352">
     <span class='ocr_line' id='line_1_25' title="bbox 42 2273 1040 2352; baseline 0.006 -24"><span class='ocrx_word' id='word_1_208' title='bbox 42 2273 197 2332; x_wconf 86' lang='lat' dir='ltr'><strong>comoediis</strong></span> <span class='ocrx_word' id='word_1_209' title='bbox 222 2274 381 2334; x_wconf 82' lang='lat' dir='ltr'><strong>assentatio</strong></span> <span class='ocrx_word' id='word_1_210' title='bbox 401 2274 497 2334; x_wconf 85' lang='lat' dir='ltr'><strong>faceta</strong></span> <span class='ocrx_word' id='word_1_211' title='bbox 521 2274 710 2352; x_wconf 87' lang='lat' dir='ltr'><strong>videretur,</strong></span> <span class='ocrx_word' id='word_1_212' title='bbox 708 2274 783 2345; x_wconf 84' lang='lat' dir='ltr'><strong>nisi</strong></span> <span class='ocrx_word' id='word_1_213' title='bbox 806 2284 905 2335; x_wconf 88' lang='lat' dir='ltr'><strong>esseut</strong></span> <span class='ocrx_word' id='word_1_214' title='bbox 929 2273 1040 2334; x_wconf 89' lang='lat' dir='ltr'><strong>milites</strong></span> 
     </span>
    </p>

    <p class='ocr_par' dir='ltr' id='par_1_10' title="bbox 42 2357 928 2432">
     <span class='ocr_line' id='line_1_26' title="bbox 42 2357 928 2432; baseline 0.003 -18"><span class='ocrx_word' id='word_1_215' title='bbox 42 2357 165 2432; x_wconf 82' lang='lat' dir='ltr'><strong>gloriosi.</strong></span> <span class='ocrx_word' id='word_1_216' title='bbox 245 2393 249 2406; x_wconf 90' lang='lat'><strong>.</strong></span> <span class='ocrx_word' id='word_1_217' title='bbox 922 2375 928 2394; x_wconf 71' lang='grc'><strong>·</strong></span> 
     </span>
    </p>

    <p class='ocr_par' dir='ltr' id='par_1_11' title="bbox 13 2423 852 2524">
     <span class='ocr_line' id='line_1_27' title="bbox 13 2423 852 2524; baseline -0.006 -18"><span class='ocrx_word' id='word_1_218' title='bbox 13 2465 15 2518; x_wconf 59' lang='lat' dir='ltr'><em>g</em></span> <span class='ocrx_word' id='word_1_219' title='bbox 120 2443 297 2524; x_wconf 70' lang='lat' dir='ltr'><strong>Magnes</strong></span> <span class='ocrx_word' id='word_1_220' title='bbox 280 2461 348 2502; x_wconf 77' lang='lat' dir='ltr'><strong>vero</strong></span> <span class='ocrx_word' id='word_1_221' title='bbox 370 2465 459 2524; x_wconf 82' lang='lat' dir='ltr'><strong>agere</strong></span> <span class='ocrx_word' id='word_1_222' title='bbox 476 2423 603 2524; x_wconf 76' lang='lat' dir='ltr'><strong>grdtias</strong></span> <span class='ocrx_word' id='word_1_223' title='bbox 630 2445 724 2504; x_wconf 67' lang='lat' dir='ltr'><strong>ritate</strong></span> <span class='ocrx_word' id='word_1_224' title='bbox 748 2444 852 2504; x_wconf 80' lang='lat' dir='ltr'><strong>milri?</strong></span> 
     </span>
    </p>
   </div>
   <div class='ocr_carea' id='block_1_7' title="bbox 13 2519 1154 2614">
    <p class='ocr_par' dir='ltr' id='par_1_12' title="bbox 13 2519 1154 2614">
     <span class='ocr_line' id='line_1_28' title="bbox 13 2519 1154 2614; baseline 0.004 -30"><span class='ocrx_word' id='word_1_225' title='bbox 13 2519 15 2614; x_wconf 59' lang='grc'><strong>1</strong></span> <span class='ocrx_word' id='word_1_226' title='bbox 44 2525 112 2588; x_wconf 87' lang='lat' dir='ltr'><strong>Satis</strong></span> <span class='ocrx_word' id='word_1_227' title='bbox 127 2539 193 2592; x_wconf 88' lang='grc'><strong>6666</strong></span> <span class='ocrx_word' id='word_1_228' title='bbox 210 2529 402 2608; x_wconf 87' lang='lat' dir='ltr'><strong>respondere,</strong></span> <span class='ocrx_word' id='word_1_229' title='bbox 422 2551 572 2610; x_wconf 83' lang='lat' dir='ltr'><strong>magnas,·</strong></span> <span class='ocrx_word' id='word_1_230' title='bbox 596 2532 739 2610; x_wconf 74' lang='lat' dir='ltr'><strong>ingentes,</strong></span> <span class='ocrx_word' id='word_1_231' title='bbox 761 2530 871 2608; x_wconf 88' lang='lat' dir='ltr'><strong>inquit.</strong></span> <span class='ocrx_word' id='word_1_232' title='bbox 916 2529 1063 2608; x_wconf 38' lang='lat' dir='ltr'><strong>Semper,</strong></span> <span class='ocrx_word' id='word_1_233' title='bbox 1114 2591 1118 2597; x_wconf 57' lang='grc'><strong>,</strong></span> <span class='ocrx_word' id='word_1_234' title='bbox 1153 2542 1154 2547; x_wconf 77' lang='grc'>’</span> 
     </span>
    </p>
   </div>
   <div class='ocr_carea' id='block_1_8' title="bbox 13 2613 1090 2950">
    <p class='ocr_par' dir='ltr' id='par_1_13' title="bbox 13 2613 1090 2950">
     <span class='ocr_line' id='line_1_29' title="bbox 13 2613 1038 2693; baseline -0.004 -17"><span class='ocrx_word' id='word_1_235' title='bbox 13 2639 14 2676; x_wconf 66' lang='lat' dir='ltr'><strong>i</strong></span> <span class='ocrx_word' id='word_1_236' title='bbox 44 2625 123 2690; x_wconf 84' lang='lat' dir='ltr'><strong>auget</strong></span> <span class='ocrx_word' id='word_1_237' title='bbox 144 2623 312 2674; x_wconf 77' lang='lat' dir='ltr'><strong>assentator</strong></span> <span class='ocrx_word' id='word_1_238' title='bbox 327 2616 374 2690; x_wconf 87' lang='lat' dir='ltr'><strong>-id,</strong></span> <span class='ocrx_word' id='word_1_239' title='bbox 398 2617 504 2693; x_wconf 89' lang='lat' dir='ltr'><strong>quod&#39;</strong></span> <span class='ocrx_word' id='word_1_240' title='bbox 495 2637 529 2692; x_wconf 85' lang='lat' dir='ltr'><strong>rs,</strong></span> <span class='ocrx_word' id='word_1_241' title='bbox 549 2617 634 2676; x_wconf 88' lang='lat' dir='ltr'><strong>cuius</strong></span> <span class='ocrx_word' id='word_1_242' title='bbox 651 2617 696 2675; x_wconf 86' lang='grc'><strong>661</strong></span> <span class='ocrx_word' id='word_1_243' title='bbox 705 2616 894 2675; x_wconf 84' lang='lat' dir='ltr'><strong>voluntatem</strong></span> <span class='ocrx_word' id='word_1_244' title='bbox 914 2613 1038 2691; x_wconf 88' lang='lat' dir='ltr'><strong>dicitur,</strong></span> 
     </span>
     <span class='ocr_line' id='line_1_30' title="bbox 42 2699 1090 2783; baseline 0.002 -28.946"><span class='ocrx_word' id='word_1_245' title='bbox 42 2699 103 2756; x_wconf 82' lang='lat' dir='ltr'><strong>vult</strong></span> <span class='ocrx_word' id='word_1_246' title='bbox 117 2721 179 2760; x_wconf 85' lang='lat' dir='ltr'><strong>esse</strong></span> <span class='ocrx_word' id='word_1_247' title='bbox 196 2702 346 2777; x_wconf 76' lang='lat' dir='ltr'><strong>inagnum.</strong></span> <span class='ocrx_word' id='word_1_248' title='bbox 390 2706 440 2768; x_wconf 83' lang='lat'><strong>99.</strong></span> <span class='ocrx_word' id='word_1_249' title='bbox 464 2701 675 2783; x_wconf 75' lang='lat' dir='ltr'><strong>Quamobrem,</strong></span> <span class='ocrx_word' id='word_1_250' title='bbox 696 2700 833 2779; x_wconf 83' lang='lat' dir='ltr'><strong>quamvis</strong></span> <span class='ocrx_word' id='word_1_251' title='bbox 854 2699 964 2759; x_wconf 85' lang='lat' dir='ltr'><strong>blanda</strong></span> <span class='ocrx_word' id='word_1_252' title='bbox 981 2699 1037 2757; x_wconf 84' lang='lat' dir='ltr'><strong>iste</strong></span> <span class='ocrx_word' id='word_1_253' title='bbox 1086 2733 1090 2739; x_wconf 77' lang='lat'><strong>,</strong></span> 
     </span>
     <span class='ocr_line' id='line_1_31' title="bbox 43 2783 1039 2864; baseline 0.003 -25"><span class='ocrx_word' id='word_1_254' title='bbox 43 2785 152 2845; x_wconf 79' lang='lat' dir='ltr'><strong>vanitas</strong></span> <span class='ocrx_word' id='word_1_255' title='bbox 169 2785 250 2864; x_wconf 81' lang='lat' dir='ltr'><strong>apud</strong></span> <span class='ocrx_word' id='word_1_256' title='bbox 267 2805 316 2844; x_wconf 88' lang='lat' dir='ltr'><strong>eos</strong></span> <span class='ocrx_word' id='word_1_257' title='bbox 330 2785 439 2860; x_wconf 76' lang='lat' dir='ltr'><strong>valeat,</strong></span> <span class='ocrx_word' id='word_1_258' title='bbox 459 2785 509 2864; x_wconf 90' lang='lat' dir='ltr'><strong>qui</strong></span> <span class='ocrx_word' id='word_1_259' title='bbox 523 2785 582 2864; x_wconf 87' lang='lat' dir='ltr'><strong>ipsi</strong></span> <span class='ocrx_word' id='word_1_260' title='bbox 597 2787 680 2846; x_wconf 87' lang='lat' dir='ltr'><strong>illam</strong></span> <span class='ocrx_word' id='word_1_261' title='bbox 693 2787 835 2845; x_wconf 88' lang='lat' dir='ltr'><strong>allectant</strong></span> <span class='ocrx_word' id='word_1_262' title='bbox 849 2795 879 2844; x_wconf 91' lang='lat' dir='ltr'><strong>et</strong></span> <span class='ocrx_word' id='word_1_263' title='bbox 893 2783 1039 2842; x_wconf 82' lang='lat' dir='ltr'><strong>invitant:</strong></span> 
     </span>
     <span class='ocr_line' id='line_1_32' title="bbox 13 2868 1041 2950; baseline 0.002 -24"><span class='ocrx_word' id='word_1_264' title='bbox 13 2881 15 2900; x_wconf 71' lang='lat'><em>*</em></span> <span class='ocrx_word' id='word_1_265' title='bbox 43 2873 134 2930; x_wconf 83' lang='lat' dir='ltr'><strong>tamen</strong></span> <span class='ocrx_word' id='word_1_266' title='bbox 148 2871 239 2930; x_wconf 88' lang='lat' dir='ltr'><strong>etiam</strong></span> <span class='ocrx_word' id='word_1_267' title='bbox 254 2872 405 2948; x_wconf 83' lang='lat' dir='ltr'><strong>graviores</strong></span> <span class='ocrx_word' id='word_1_268' title='bbox 421 2871 699 2950; x_wconf 85' lang='lat' dir='ltr'><strong>constantioresque</strong></span> <span class='ocrx_word' id='word_1_269' title='bbox 711 2868 893 2930; x_wconf 88' lang='lat' dir='ltr'><strong>admonendi</strong></span> <span class='ocrx_word' id='word_1_270' title='bbox 906 2878 987 2945; x_wconf 88' lang='lat' dir='ltr'><strong>sunt,</strong></span> <span class='ocrx_word' id='word_1_271' title='bbox 1003 2877 1041 2928; x_wconf 90' lang='lat' dir='ltr'><strong>ut</strong></span> 
     </span>
    </p>
   </div>
   <div class='ocr_carea' id='block_1_9' title="bbox 44 2952 1154 3036">
    <p class='ocr_par' dir='ltr' id='par_1_14' title="bbox 44 2952 1154 3036">
     <span class='ocr_line' id='line_1_33' title="bbox 44 2952 1154 3036; baseline 0.006 -28"><span class='ocrx_word' id='word_1_272' title='bbox 44 2954 167 3016; x_wconf 84' lang='lat' dir='ltr'><strong>animum</strong></span> <span class='ocrx_word' id='word_1_273' title='bbox 183 2956 354 3029; x_wconf 86' lang='lat' dir='ltr'><strong>advertant,</strong></span> <span class='ocrx_word' id='word_1_274' title='bbox 365 2977 403 3014; x_wconf 88' lang='lat' dir='ltr'><strong>ne</strong></span> <span class='ocrx_word' id='word_1_275' title='bbox 416 2957 525 3016; x_wconf 88' lang='grc'><strong>66111616</strong></span> <span class='ocrx_word' id='word_1_276' title='bbox 536 2959 735 3016; x_wconf 83' lang='lat' dir='ltr'><strong>assentatione</strong></span> <span class='ocrx_word' id='word_1_277' title='bbox 749 2954 917 3036; x_wconf 86' lang='lat' dir='ltr'><strong>capientur.</strong></span> <span class='ocrx_word' id='word_1_278' title='bbox 938 2952 1039 3034; x_wconf 79' lang='lat' dir='ltr'><strong>Aper-</strong></span> <span class='ocrx_word' id='word_1_279' title='bbox 1147 3026 1154 3036; x_wconf 74' lang='grc'><strong>,</strong></span> 
     </span>
    </p>
   </div>
   <div class='ocr_carea' id='block_1_10' title="bbox 44 3039 1046 3376">
    <p class='ocr_par' dir='ltr' id='par_1_15' title="bbox 44 3039 1040 3376">
     <span class='ocr_line' id='line_1_34' title="bbox 44 3039 1040 3121; baseline 0.004 -27"><span class='ocrx_word' id='word_1_280' title='bbox 44 3043 68 3094; x_wconf 85' lang='grc'><strong>16</strong></span> <span class='ocrx_word' id='word_1_281' title='bbox 80 3043 158 3110; x_wconf 87' lang='lat' dir='ltr'><strong>enim</strong></span> <span class='ocrx_word' id='word_1_282' title='bbox 177 3041 349 3102; x_wconf 83' lang='lat' dir='ltr'><strong>adulantem</strong></span> <span class='ocrx_word' id='word_1_283' title='bbox 363 3061 450 3102; x_wconf 87' lang='lat' dir='ltr'><strong>nemo</strong></span> <span class='ocrx_word' id='word_1_284' title='bbox 467 3063 529 3102; x_wconf 90' lang='lat' dir='ltr'><strong>non</strong></span> <span class='ocrx_word' id='word_1_285' title='bbox 545 3043 637 3121; x_wconf 89' lang='lat' dir='ltr'><strong>videt,</strong></span> <span class='ocrx_word' id='word_1_286' title='bbox 659 3043 717 3102; x_wconf 85' lang='lat' dir='ltr'><strong>nisi</strong></span> <span class='ocrx_word' id='word_1_287' title='bbox 740 3044 793 3121; x_wconf 83' lang='lat' dir='ltr'><strong>qni</strong></span> <span class='ocrx_word' id='word_1_288' title='bbox 814 3039 977 3104; x_wconf 76' lang='lat' dir='ltr'><strong>admodum</strong></span> <span class='ocrx_word' id='word_1_289' title='bbox 994 3048 1040 3100; x_wconf 88' lang='lat' dir='ltr'><strong>cst</strong></span> 
     </span>
     <span class='ocr_line' id='line_1_35' title="bbox 45 3125 1039 3203; baseline 0.001 -26"><span class='ocrx_word' id='word_1_290' title='bbox 45 3139 156 3186; x_wconf 85' lang='lat' dir='ltr'><strong>excors:</strong></span> <span class='ocrx_word' id='word_1_291' title='bbox 174 3125 302 3186; x_wconf 86' lang='lat' dir='ltr'><strong>callidus</strong></span> <span class='ocrx_word' id='word_1_292' title='bbox 319 3126 372 3185; x_wconf 90' lang='lat' dir='ltr'><strong>ille</strong></span> <span class='ocrx_word' id='word_1_293' title='bbox 389 3136 419 3186; x_wconf 89' lang='lat' dir='ltr'><strong>et</strong></span> <span class='ocrx_word' id='word_1_294' title='bbox 433 3129 571 3188; x_wconf 87' lang='lat' dir='ltr'><strong>occultus</strong></span> <span class='ocrx_word' id='word_1_295' title='bbox 586 3149 626 3187; x_wconf 88' lang='lat' dir='ltr'><strong>ne</strong></span> <span class='ocrx_word' id='word_1_296' title='bbox 640 3149 672 3188; x_wconf 88' lang='lat' dir='ltr'><strong>se</strong></span> <span class='ocrx_word' id='word_1_297' title='bbox 682 3128 826 3203; x_wconf 85' lang='lat' dir='ltr'><strong>insinuet,</strong></span> <span class='ocrx_word' id='word_1_298' title='bbox 839 3125 973 3185; x_wconf 87' lang='lat' dir='ltr'><strong>studiose</strong></span> <span class='ocrx_word' id='word_1_299' title='bbox 990 3145 1039 3183; x_wconf 86' lang='lat' dir='ltr'><strong>cs.</strong></span> 
     </span>
     <span class='ocr_line' id='line_1_36' title="bbox 44 3209 1037 3292; baseline 0.005 -29"><span class='ocrx_word' id='word_1_300' title='bbox 44 3211 168 3270; x_wconf 81' lang='lat' dir='ltr'><strong>rendum</strong></span> <span class='ocrx_word' id='word_1_301' title='bbox 190 3219 243 3270; x_wconf 90' lang='lat' dir='ltr'><strong>est.</strong></span> <span class='ocrx_word' id='word_1_302' title='bbox 287 3212 349 3270; x_wconf 89' lang='lat' dir='ltr'><strong>Nec</strong></span> <span class='ocrx_word' id='word_1_303' title='bbox 373 3212 453 3272; x_wconf 86' lang='lat' dir='ltr'><strong>enirn</strong></span> <span class='ocrx_word' id='word_1_304' title='bbox 474 3213 618 3275; x_wconf 86' lang='lat' dir='ltr'><strong>facillime</strong></span> <span class='ocrx_word' id='word_1_305' title='bbox 638 3213 827 3292; x_wconf 82' lang='lat' dir='ltr'><strong>agnoscitur,</strong></span> <span class='ocrx_word' id='word_1_306' title='bbox 870 3211 963 3292; x_wconf 89' lang='lat' dir='ltr'><strong>uippe</strong></span> <span class='ocrx_word' id='word_1_307' title='bbox 985 3209 1037 3288; x_wconf 88' lang='lat' dir='ltr'><strong>qui</strong></span> 
     </span>
     <span class='ocr_line' id='line_1_37' title="bbox 45 3293 1046 3376; baseline 0.007 -29"><span class='ocrx_word' id='word_1_308' title='bbox 45 3293 123 3354; x_wconf 88' lang='lat' dir='ltr'><strong>etiam</strong></span> <span class='ocrx_word' id='word_1_309' title='bbox 145 3296 332 3356; x_wconf 83' lang='lat' dir='ltr'><strong>adversando</strong></span> <span class='ocrx_word' id='word_1_310' title='bbox 331 3317 446 3376; x_wconf 84' lang='lat' dir='ltr'><strong>saepe</strong></span> <span class='ocrx_word' id='word_1_311' title='bbox 459 3307 635 3376; x_wconf 86' lang='lat' dir='ltr'><strong>assentetur,</strong></span> <span class='ocrx_word' id='word_1_312' title='bbox 652 3309 683 3358; x_wconf 87' lang='lat' dir='ltr'><strong>et</strong></span> <span class='ocrx_word' id='word_1_313' title='bbox 699 3298 816 3376; x_wconf 84' lang='lat' dir='ltr'><strong>litigare</strong></span> <span class='ocrx_word' id='word_1_314' title='bbox 834 3317 867 3356; x_wconf 91' lang='lat' dir='ltr'><strong>se</strong></span> <span class='ocrx_word' id='word_1_315' title='bbox 892 3296 1046 3370; x_wconf 79' lang='lat' dir='ltr'><strong>simulans</strong></span> 
     </span>
    </p>
   </div>
   <div class='ocr_carea' id='block_1_11' title="bbox 45 3363 1040 3572">
    <p class='ocr_par' dir='ltr' id='par_1_16' title="bbox 45 3363 1040 3552">
     <span class='ocr_line' id='line_1_38' title="bbox 45 3363 1038 3480; baseline 0.007 -48.107"><span class='ocrx_word' id='word_1_316' title='bbox 45 3373 208 3440; x_wconf 85' lang='lat' dir='ltr'><strong>blandiatur</strong></span> <span class='ocrx_word' id='word_1_317' title='bbox 217 3390 324 3480; x_wconf 33' lang='lat' dir='ltr'><strong>..atque</strong></span> <span class='ocrx_word' id='word_1_318' title='bbox 327 3363 365 3440; x_wconf 82' lang='lat' dir='ltr'><strong>ad</strong></span> <span class='ocrx_word' id='word_1_319' title='bbox 380 3392 547 3444; x_wconf 84' lang='lat' dir='ltr'><strong>extremum</strong></span> <span class='ocrx_word' id='word_1_320' title='bbox 570 3380 621 3444; x_wconf 83' lang='lat' dir='ltr'><strong>det</strong></span> <span class='ocrx_word' id='word_1_321' title='bbox 638 3404 746 3444; x_wconf 81' lang='lat' dir='ltr'><strong>marrus</strong></span> <span class='ocrx_word' id='word_1_322' title='bbox 761 3383 916 3462; x_wconf 88' lang='lat' dir='ltr'><strong>vincique</strong></span> <span class='ocrx_word' id='word_1_323' title='bbox 922 3402 954 3443; x_wconf 84' lang='lat' dir='ltr'><strong>se</strong></span> <span class='ocrx_word' id='word_1_324' title='bbox 979 3403 1038 3462; x_wconf 82' lang='lat' dir='ltr'><strong>pa-</strong></span> 
     </span>
     <span class='ocr_line' id='line_1_39' title="bbox 45 3461 1040 3572; baseline 0.01 -54"><span class='ocrx_word' id='word_1_325' title='bbox 45 3461 138 3556; x_wconf 81' lang='lat' dir='ltr'><strong>tiatur,</strong></span> <span class='ocrx_word' id='word_1_326' title='bbox 158 3476 195 3530; x_wconf 89' lang='lat' dir='ltr'><strong>ut</strong></span> <span class='ocrx_word' id='word_1_327' title='bbox 214 3466 251 3551; x_wconf 88' lang='grc'><strong>66,</strong></span> <span class='ocrx_word' id='word_1_328' title='bbox 269 3467 327 3548; x_wconf 88' lang='lat' dir='ltr'><strong>qui</strong></span> <span class='ocrx_word' id='word_1_329' title='bbox 345 3467 454 3532; x_wconf 87' lang='lat' dir='ltr'><strong>illusus</strong></span> <span class='ocrx_word' id='word_1_330' title='bbox 474 3470 523 3551; x_wconf 78' lang='lat' dir='ltr'><strong>sit,</strong></span> <span class='ocrx_word' id='word_1_331' title='bbox 537 3470 620 3552; x_wconf 84' lang='lat' dir='ltr'><strong>plu&#39;s</strong></span> <span class='ocrx_word' id='word_1_332' title='bbox 632 3470 744 3532; x_wconf 84' lang='lat' dir='ltr'><strong>vidisse</strong></span> <span class='ocrx_word' id='word_1_333' title='bbox 766 3468 915 3530; x_wconf 81' lang='lat' dir='ltr'><strong>videatur.</strong></span> <span class='ocrx_word' id='word_1_334' title='bbox 934 3465 1040 3572; x_wconf 91' lang='lat' dir='ltr'><strong>Quid</strong></span> 
     </span>
    </p>
   </div>
   <div class='ocr_carea' id='block_1_12' title="bbox 0 0 1183 3934">
    <p class='ocr_par' dir='ltr' id='par_1_17' title="bbox 0 0 1183 3934">
     <span class='ocr_line' id='line_1_40' title="bbox 0 0 1183 3934; baseline 0 0"><span class='ocrx_word' id='word_1_335' title='bbox 0 0 1183 3934; x_wconf 95' lang='lat' dir='ltr'><strong> </strong></span> 
     </span>
    </p>
   </div>
  </div>
 </body>
</html>
