2334 3934
58 281 66 291 ,
149 162 194 272 '52
378 166 635 263 crcrrours
661 200 865 267 tlemus

144 356 238 416 'etiam
253 364 410 437 susceptae
422 354 594 420 videantur.
637 356 720 418 Nihil
734 358 814 419 enirn
829 358 958 438 turpius,
973 358 1066 436 qua‘m
1084 372 1149 415 cun

148 462 185 515 eo
207 440 319 501 bellum
342 461 457 519 gerere,
484 442 607 522 quicum
627 443 817 504 familiariter
831 443 965 505 -vii'teria
983 492 989 499 .
1009 440 1056 501 Ab
1080 440 1149 499 ami

149 526 217 585 citia
232 526 269 599 Q.
287 525 422 606 Pompeii
438 546 505 586 meo
523 528 646 587 nomine
661 524 889 605 se'removerat,
909 538 944 588 ut
962 526 1057 602 scitis,
1084 524 1149 583 Sci·

148 611 215 693 pio:
236 620 368 691 propter
378 610 597 689 'dissensionem
615 623 724 691 autem,
747 636 822 694 quae
844 623 908 674 erat
921 612 954 671 in
967 632 999 672 re
1014 610 1149 691 publica

56 719 76 772 g
150 697 297 756 alienatus
310 706 356 755 est
370 717 387 754 a
401 697 515 776 collega
528 708 634 759 nostro
650 700 779 761 Metello.
822 700 989 777 Utrumque
1005 697 1067 775 egit
1080 716 1149 775 gra·

148 780 243 857 viter,
273 781 452 841 auctoritate
482 792 511 842 et
540 782 705 850 ostensione
733 785 826 845 animi
845 806 908 851 non
937 782 1052 847 acerba
1099 786 1149 847 78.

149 866 350 940 Quamobrem
365 866 499 948 primum
525 868 623 927 danda
645 880 814 950 operaest,
843 890 882 929 ne
904 889 964 949 qua
984 871 1149 927 amicorum

149 952 272 1011 dissidia
293 951 387 1013 fiant:
410 952 457 1011 sin
478 951 538 1012 tale
557 954 673 1033 aliquid
689 956 830 1031 evenerit,
851 962 887 1013 ut
904 953 1069 1014 exstinctae
1088 973 1149 1031 po-

106 1102 110 1106 ,
148 1038 211 1096 tius
231 1036 378 1110 amicitiae
399 1059 488 1116 quam
506 1059 665 1118 oppressae
679 1060 743 1099 ease
759 1040 930 1102 videantur.
974 1039 1149 1110 Cavendum

145 1140 231 1195 vero,
251 1141 290 1181 ne
313 1122 403 1181 etiam
421 1124 454 1181 in
476 1142 580 1201 graves
600 1124 773 1185 inimicitias
795 1130 977 1199 convertent
989 1141 1021 1182 se
1042 1122 1149 1195 amicis

147 1208 221 1267 tiaea
243 1226 281 1267 ex
301 1207 411 1285 quibua
431 1208 542 1286 iurgia,
564 1206 735 1286 maledibta,
756 1205 965 1269 contumeliae?
976 1209 1149 1287 gignuntn„

84 1307 107 1333 ’-
148 1293 234 1373 Quae
249 1301 350 1350 tamen
365 1291 391 1351 si
409 1293 577 1352 tolerabiles
597 1303 695 1372 erunt,
710 1294 948 1355 ferendaesuuta
970 1292 1064 1353 ethic
1087 1292 1149 1351 ho-

96 1438 101 1450 q
148 1398 204 1436 nos
218 1376 313 1439 veteri
326 1376 473 1437 amicitiae
489 1378 677 1456 tribuendus,
697 1388 731 1439 ut
742 1379 769 1438 is
785 1379 818 1437 iu
842 1380 933 1460 culpa
955 1377 1005 1453 sit,
1030 1376 1087 1457 qni
1105 1378 1149 1437 ta·

147 1462 218 1538 ciat,
236 1481 297 1521 non
315 1462 368 1543 qui
387 1464 522 1542 patiatur
540 1464 691 1528 iniuriam.
736 1464 867 1545 Omnino
891 1464 1024 1523 omnium
1038 1460 1149 1522 horum

147 1548 292 1609 vitiorum
311 1558 402 1627 atque
420 1548 681 1609 incommodorum
702 1570 761 1609 una
786 1550 886 1609 cautio
909 1558 954 1609 eat
978 1554 1067 1627 dtque
1090 1568 1149 1607 una

147 1632 301 1715 provisio,
316 1634 358 1694 'ut
380 1654 419 1693 ne
438 1634 529 1694 nimis
550 1633 612 1693 cito
633 1634 756 1711 diligere
772 1634 969 1717 incipiamus,
991 1649 1068 1692 neve
1088 1654 1149 1692 non

141 1716 263 1797 dignor.
283 1725 360 1787 ·79.
382 1720 471 1798 Digni
489 1730 587 1780 autem
602 1728 675 1780 aunt
685 1719 827 1798 amicitia,
844 1720 954 1799 quibua
967 1720 1000 1777 in
1010 1717 1086 1796 ipsis
1100 1719 1150 1777 in·

54 1807 56 1814 ’
147 1813 192 1864 est
209 1812 322 1882 caussa,
339 1824 395 1865 ctu·
412 1806 585 1885 diligamur.
609 1807 720 1867 Rarum
736 1806 843 1884 genua!
866 1803 1031 1883 etquidem
1049 1804 1149 1863 omnia

146 1891 302 1971 praeclara
321 1911 408 1970 rara,
436 1911 492 1952 nec
514 1890 679 1972 quidquam
701 1891 877 1966 difficilius„
895 1910 985 1969 quam
1006 1890 1149 1968 reperiret

149 1978 232 2055 quod
251 1978 291 2036 sit
308 1976 389 2035 omni
404 1997 442 2036 ex
457 1988 544 2057 parte
562 1977 597 2034 in
612 1996 667 2035 auo
681 1996 787 2058 genere
801 1975 978 2057 perfectum.
1005 1974 1064 2032 Sed
1077 1974 1148 2056 ple-7

146 2061 233 2140 tique
253 2082 351 2142 neque
370 2060 404 2120 in
424 2064 512 2144 rebus
537 2062 677 2125 humanis
700 2060 863 2142 quidquam
889 2060 1001 2121 bonum
1026 2068 1147 2162 norunt,

145 2147 206 2207 nisi
228 2148 308 2226 quod
327 2149 516 2209 fructuosum
537 2151 585 2225 sit,
600 2158 629 2209 et
645 2151 758 2209 amicos
775 2159 926 2227 tamquam
945 2144 1079 2228 pecudea
1101 2166 1146 2205 eoa

53 2278 68 2293 .
146 2232 335 2313 potissimum
356 2229 499 2311 diligunt,
521 2234 683 2313 exquibus
706 2242 877 2314 sperantia
897 2230 1146 2293 niaximumsrud

69 2378 72 2388 ,
147 2327 228 2388 dum
250 2338 312 2377 esso
333 2327 484 2397 capturos,
527 2323 577 2385 80.
601 2318 646 2377 lta
663 2318 868 2400 pulcherrima
891 2316 944 2388 illa
971 2326 1001 2379 et
1020 2304 1145 2382 maximi

146 2396 279 2463 naturali
294 2413 397 2463 carent
411 2404 549 2481 amicitia,
559 2424 616 2483 per
630 2425 661 2465 se
676 2414 706 2463 et
720 2414 845 2484 propter
855 2422 887 2462 se
901 2404 1081 2483 expetenda,
1094 2424 1115 2461 n

146 2489 207 2568 ipsi
229 2488 288 2547 eibi
304 2490 442 2569 exemplo
458 2499 538 2564 sunt,
561 2488 635 2549 baec
651 2490 698 2550 vis
713 2490 860 2549 amicitiae
875 2488 972 2567 qualis
991 2497 1020 2547 et
1037 2509 1120 2568 quau

146 2574 196 2635 sit
240 2574 308 2653 lpse
328 2573 406 2633 enim
420 2575 594 2653 aequisque
609 2574 715 2653 diligit,
738 2596 801 2633 non
814 2585 849 2633 ut
864 2574 994 2657 aliquam
1008 2594 1025 2633 a
1038 2594 1070 2633 se
1085 2575 1117 2655 ip

76 2667 79 2671 “
145 2659 314 2718 mercedem
330 2660 429 2739 exigat
446 2659 579 2718 caritatis
602 2680 680 2735 suae,
702 2660 753 2718 sed
776 2660 858 2739 quod
873 2679 928 2739 per
944 2679 975 2717 ae
993 2657 1050 2717 sibi
1066 2662 1119 2737 qu'

147 2763 207 2821 que
223 2766 311 2805 carus
332 2756 385 2809 eat
428 2744 520 2820 Quod
538 2744 596 2804 nisi
611 2743 688 2805 idem
705 2744 738 2805 in
754 2744 915 2804 amicitiam
939 2745 1103 2804 transferet

146 2848 236 2889 verua
254 2832 364 2890 amicus
388 2850 555 2910 numquam
577 2831 756 2911 reperietur.
801 2830 855 2889 Est
875 2828 956 2889 enim
979 2829 1103 2909 is'quid

145 2922 301 2993 tamquam
315 2916 391 2975 alter
405 2916 495 2975 idem.
539 2921 593 2981 81.
617 2917 708 2990 Quod
725 2917 749 2975 si
764 2914 825 2981 boc
842 2924 969 2995 apparet
989 2915 1089 2974 iubes
1107 2916 1112 2926 '

145 2991 334 3076 volucribos,
356 3001 505 3077 nantibus,
525 2998 701 3077 agrestibus,
724 3000 883 3076 cicuribus,
904 2998 995 3081 letis,
1015 3000 1097 3080 prim

99 3129 104 3141 .
144 3093 181 3143 ut
193 3105 225 3143 se
243 3084 325 3165 ipsae
342 3086 481 3163 diligant:
495 3119 539 3131 —
552 3086 585 3144 id
598 3087 677 3145 enim
688 3086 802 3165 pariter
815 3106 882 3145 curn
900 3084 982 3145 omni
998 3086 1098 3145 anima

145 3170 282 3230 nascitur
297 3205 340 3251 7-
357 3171 463 3231 deinde
484 3181 520 3231 ut
542 3170 699 3249 requirant
719 3180 807 3248 atque
828 3180 990 3251 appetant,
1014 3170 1053 3228 ad
1077 3191 1117 3248 qu

145 3273 179 3313 sa
202 3257 372 3335 applicent,
401 3256 532 3315 eiusdem
555 3258 673 3334 generis
703 3255 882 3326 animantem
917 3254 1010 3332 idque
1032 3256 1113 3314 facin

144 3359 216 3397 cum
237 3341 382 3404 desiderio
396 3350 425 3399 et
440 3362 508 3399 cum
526 3341 654 3421 quadani
668 3340 865 3400 similitudine
883 3340 992 3399 amoris
1008 3336 1099 3402 buum
1118 3337 1121 3346 '

89 3468 95 3475 .
141 3433 260 3500 ,quanto
282 3426 314 3484 id
333 3426 425 3502 magia
445 3426 479 3484 in
501 3425 623 3486 homine
639 3426 674 3485 fit
690 3435 808 3499 natura,
829 3425 928 3505 quiet
946 3425 1116 3505 seipsedil

144 3506 200 3585 git,
227 3517 259 3570 et
279 3510 406 3573 alterum
424 3511 569 3593 anquirit,
600 3511 687 3573 cuius
710 3510 843 3597 auianum
861 3509 904 3573 ita
926 3528 996 3573 cum
1014 3530 1071 3589 suo
