2334 3934
255 210 610 307 nn‘sunnorprn
637 171 735 278 err.
756 216 787 283 e
809 211 853 282 s·
987 255 993 266 ι
1029 214 1054 280 s
1131 189 1135 196 “

43 376 169 433 senatus
180 369 388 435 auctoritatem
404 371 568 436 dividenti:
600 364 759 450 augurque
770 387 866 450 quum
882 372 976 442 esset,
998 363 1056 426 ‹ti-⁴

43 473 113 514 cere
128 474 217 516 susus
231 465 285 534 eat,
307 457 430 538 optimis
442 458 582 540 auspiciis
598 455 712 534 regeri,
734 473 810 536 quae
821 473 878 534 pro
891 450 936 512 rei
944 451 1046 534 pubii-

42 558 97 598 cee
109 539 206 602 seluto
221 543 416 620 gererentur3
438 565 514 624 quae
527 551 634 603 contre
645 539 870 621 rempublicam
881 540 1047 616 ferrentur,

41 633 151 686 contra
170 627 304 708 suspicie
319 627 406 692 ferrir
448 635 499 697 12.
519 629 616 689 Multa
630 626 663 686 in
680 646 715 686 eo
735 623 804 693 ¹viro
820 623 1046 707 praeclarare·

39 707 150 786 gnovi3
174 713 228 789 sed
241 712 319 772 nihil
335 713 547 790 admirabilius,
577 733 668 793 quam
685 709 839 790 quomodo
852 707 906 767 isse
917 717 1046 778 mortem

39 793 98 852 filii
114 795 196 874 tulit,
219 798 294 857 cleri
305 797 364 871 viri
380 808 410 860 et
425 797 604 865 consularis.
654 798 709 856 Est
727 794 762 854 in
780 794 919 855 manibus
936 793 1047 854 leuda-

38 878 102 940 tio:
128 900 217 960 quam
233 903 327 962 quum
340 874 485 963 legimus,
501 903 602 963 ¹quem
619 879 837 965 philosophum
857 899 923 939 non
941 887 1048 940 conte⁴

38 964 187 1027 mnimus!
208 967 271 1032 Nec
285 988 358 1029 vero
373 969 426 1030 ille
441 971 475 1030 in
488 969 555 1030 luce
569 968 660 1046 modo
673 976 764 1046 atque
775 966 808 1026 in
821 963 1044 1036 oculiscivium

37 1053 177 1130 magnus,
198 1053 252 1112 sed
265 1052 351 1120 intus
362 1053 505 1134 domique
517 1052 731 1136 praestantior.
763 1051 823 1125 Qui
831 1051 944 1110 sermo!
967 1067 1044 1129 quae

36 1138 217 1217 praecepta!
246 1140 356 1217 quanta
374 1139 484 1212 notitia
505 1136 709 1218 antiquitatis!
733 1155 809 1217 quae
826 1134 953 1212 scientia
968 1135 1044 1215 iuris
1086 1191 1119 1203 ‚j

38 1221 175 1304 augsrrii!
208 1223 322 1284 Multae
341 1224 448 1303 etism,
483 1233 519 1284 ut
538 1226 571 1285 in
588 1222 710 1284 homine
726 1222 883 1296 Romano,
913 1220 1044 1294 litterae
1082 1279 1087 1294 ,

37 1305 151 1386 Omnia
166 1310 310 1369 memorie
320 1309 455 1386 tenebat,
477 1330 539 1370 non
557 1308 721 1370 domestica
737 1307 854 1380 solum,
883 1305 1043 1367 sedetiam

38 1400 166 1454 externe
187 1392 275 1454 bella.
331 1395 426 1456 Cuius
452 1415 591 1455 sermone
613 1395 655 1455 ita
680 1402 746 1454 tum
760 1391 882 1474 ¹cupide
908 1391 1043 1468 fruebarj

38 1476 129 1556 qussi
149 1476 210 1538 iam
231 1477 417 1556 divinarem,
444 1477 480 1539 id
489 1479 571 1560 quod
589 1477 707 1554 evenit,
728 1478 782 1538 illo
797 1475 946 1536 exstimto
964 1476 1043 1552 fore,

36 1561 122 1622 unde
132 1561 289 1642 discerem,
309 1564 468 1640 neminem.
512 1565 550 1626 V.
571 1564 773 1638 13.*Quorsua
787 1561 879 1640 igitur
891 1561 967 1622 haec
979 1570 1044 1622 tam

36 1648 134 1706 multe
148 1648 185 1708 de
198 1648 353 1710 Maximo?
372 1649 462 1726 ‘Quia
476 1651 613 1730 profecto
626 1649 752 1725 videtis,
773 1648 856 1707 nefas
872 1667 936 1708 esse
949 1646 1043 1722 dictu,
1096 1649 1100 1655 '

35 1732 178 1793 miserem
188 1733 289 1795 'fuisse
304 1735 397 1802 telem
415 1743 611 1796 senectutem.
634 1757 639 1767 ·
659 1735 724 1796 Nec
736 1743 836 1794 tamen
850 1750 953 1797 omnes
967 1751 1045 1814 pos*
1155 1788 1156 1791 ,

35 1825 185 1878 suntesse
197 1819 355 1902 Scipiones
377 1828 431 1882 aut
443 1819 575 1900 Maximi,
603 1828 639 1881 ut
656 1819 780 1896 urbium
796 1819 1043 1898 expugnationes,

37 1912 84 1964 ut¹
99 1903 253 1984 pedestres
273 1899 454 1987 natalesque
474 1926 610 1986 pugnas,
642 1914 681 1968 ut
697 1904 777 1965 belle
792 1926 810 1965 a
826 1925 860 1966 se
879 1912 977 1983 gesta,
1006 1903 1043 1962 ut'

34 1987 206 2072 triumphos
219 1991 426 2056 recordentur.
467 1993 523 2054 Est
540 1993 630 2066 etiam
644 1989 752 2072 quiete,
768 2010 855 2072 pure,
868 1998 960 2069 atque
978 1985 1043 2048 ele·

36 2085 143 2154 genter
156 2086 240 2137 ectee
256 2077 360 2138 aetatis
378 2077 499 2158 placida
518 2097 555 2138 ac
574 2076 654 2136 lenia
669 2085 825 2136 senectus:
851 2073 972 2154 qualem
986 2092 1048 2144 esc-f

38 2161 176 2240 cepimus
188 2161 329 2239 Platonis,
349 2157 476 2244 quintio
492 2169 523 2224 et
540 2161 722 2240 octogesimo
741 2181 820 2224 anno
839 2158 973 2220 scribens
994 2165 1040 2218 est

36 2254 176 2306 mortuus
181 2264 192 2319 3
214 2245 332 2326 qualem
345 2247 501 2325 Isocratis,
523 2247 576 2326 qui
592 2265 662 2307 eum
673 2226 877 2324 librumfflui
888 2241 1041 2304 Penatbe·
1118 2264 1121 2269 ’

36 2329 142 2390 naicus
155 2328 339 2409 inscribitur,
369 2342 478 2413 quarto
491 2341 522 2392 et
535 2331 728 2412 nonagesimo
743 2352 822 2391 anno
838 2329 995 2410 scripsisse
1007 2345 1041 2387 ss

35 2414 124 2494 dicit,
146 2414 284 2498 vixitque
298 2416 535 2498 quinquennium
548 2426 671 2498 postes:
692 2415 778 2477 cuius
792 2414 930 2494 magister
937 2415 1039 2476 Leon·

34 2499 119 2560 tinus
139 2501 266 2580 Gorgias
291 2511 411 2564 centum
429 2511 459 2563 et
478 2513 601 2584 septem,
614 2500 780 2582 complevit
800 2518 912 2573 annos;
940 2501 1039 2579 nequs'

36 2604 179 2664 umquem
192 2586 226 2646 in
240 2607 295 2648 suo
312 2587 414 2648 studio
430 2595 522 2670 atque
537 2607 629 2669 opere
647 2585 784 2652 cessavit.
833 2583 914 2660 Qui,
943 2605 1039 2664 quum
1091 2637 1093 2641 .

34 2689 132 2731 exeo
157 2669 369 2750 quaereretur,
402 2693 457 2734 our
473 2675 589 2735 tamdiu
609 2673 703 2734 vellet
718 2692 781 2733 esse
795 2669 829 2730 in
845 2671 925 2735 vitas
956 2671 1040 2730 nibil
1077 2700 1082 2711 =

32 2751 142 2834 habeo,
162 2757 275 2838 inquit,
297 2756 384 2838 quod
396 2779 537 2819 accusem
552 2769 741 2818 senectutem.
783 2757 972 2817 Praeclarum
988 2750 1051 2817 re?

31 2861 179 2922 sponsum
204 2849 234 2901 et
257 2841 346 2920 docto
369 2843 490 2905 homine
513 2844 656 2922 dignum!
701 2843 753 2910 14.
781 2843 842 2902 Sua
863 2841 943 2902 enim
958 2839 1038 2913 vitia
1122 2868 1128 2873 ·

32 2924 209 3008 insipientes
222 2929 253 2987 et
264 2921 348 2990 suem
362 2929 483 3008 eulpam
501 2929 535 2990 in
549 2937 733 2990 senectutem
747 2928 924 3004 conserunt3
952 2923 1038 3009 quod

31 3033 97 3074 non
111 3011 285 3094 faciebatis,
308 3014 393 3074 euius
405 3015 495 3075 modo
511 3014 694 3076 mentionem
709 3011 787 3090 feci,
807 3011 946 3073 Euniue'

94 3098 183 3156 Sicut
199 3100 296 3175 fortis
323 3119 430 3179 equus,
452 3102 562 3179 spatio,
576 3101 633 3180 qui
653 3119 742 3178 saepe
761 3118 903 3178 supremo

100 3180 186 3242 Vicit
209 3185 363 3262 Olympia,
385 3206 467 3248 nunc
488 3188 573 3245 senio
594 3185 744 3263 confectu’
766 3185 904 3263 quincit.

29 3263 111 3346 Equi
124 3266 212 3328 fortis
225 3278 256 3329 et
272 3269 396 3330 victoris
409 3270 557 3332 senectuti
571 3278 728 3350 comparet
738 3289 837 3346 suam3
860 3265 948 3350 quens
965 3269 1037 3353 qni·

10 3379 12 3382 ·
31 3351 101 3436 dem
117 3353 214 3432 probe
233 3354 403 3416 meminisse
420 3342 556 3436 potesiis.
598 3357 689 3416 'Anno
709 3357 791 3416 enim'
810 3355 1044 3426 undevicesimo*

30 3446 101 3516 post
112 3437 176 3498 ‘eius
195 3448 323 3500 mortem
338 3438 372 3501 bi
386 3441 542 3520 consules,
560 3441 595 3502 Τ.
609 3439 797 3504 Flamininus
811 3449 843 3502 et
852 3439 905 3500 Μ’.
912 3441 1038 3522 Acilius,

30 3521 107 3584 facti
120 3531 210 3587 sunts
236 3515 291 3586 ille
305 3533 406 3588 autem
422 3527 587 3609 Caepione,
609 3535 640 3588 et
654 3526 797 3609 i'bilippo
808 3520 935 3604 iterum,
958 3550 1036 3592 con·
1093 3590 1100 3602 ,
