2334 3934
118 127 162 210 so
348 102 870 220 crcunonrscsccm's
969 102 1045 112 ”

119 278 225 366 paucis
244 281 346 343 diebus
369 290 438 380 post
461 285 656 344 morteml
611 252 759 344 dlricsni.
803 282 884 344 Eius
906 235 1128 361 di'sputstionis

120 369 282 435 sententias
298 368 455 434 memoriae
472 368 630 468 ιιιιιιιιιιιιιιΙ
652 389 725 468 quas
746 367 806 428 hoc
819 370 899 429 libro
920 365 1050 446 exposui
1070 385 1129 424 ar-

120 455 236 514 bitratu
257 472 341 513 meo:
353 453 458 532 quasi
490 454 570 514 enim
589 454 673 534 ipsos
694 447 804 514 induxi
824 456 989 534 loquentes,
1009 469 1050 510 ne
1074 449 1127 509 Ιιι·

121 561 217 620 qnam
239 547 270 596 et
290 521 397 618 Inquit
414 539 529 619 saepius
546 542 801 624 interponeretur,
814 549 905 618 atque
918 547 954 600 ut
959 541 1129 615 tamquam
1159 552 1161 613 ξ

120 646 139 684 ι
164 622 370 705 praesentibus
386 643 487 684 coram
501 623 606 684 haberi
620 645 718 688 sermo
732 625 894 686 videretur.
924 623 1028 697 Quum
1041 621 1127 679 enim

80 767 81 772 ,
112 730 210 790 ,saepe
232 727 349 769 mecum
371 729 490 787 ageres,
520 718 555 769 ut
581 709 619 769 de
647 711 778 770 amicitie
809 710 969 772 scriberem
995 706 1127 785 aliquid,

7 823 11 830 =
91 868 96 876 Ι
122 795 237 874 digna
231 793 306 852 mibi
329 813 378 857 res
396 813 489 884 quum
510 794 645 854 omnium
667 796 845 894 cognitione,
863 805 931 858 tum
950 799 1056 856 nostra
1076 793 1127 851 fa-

36 887 50 901 ““
121 859 294 940 miliaritate
306 878 372 938 uisa
394 890 446 940 est.
479 863 593 959 ltaque
607 879 664 938 feci
680 899 743 940 non
755 881 880 956 invitus,
898 889 934 940 ut
949 877 1128 976 prodessem

121 965 226 1024 multis
240 973 347 1048 rogatu
360 973 422 1024 tuo.
445 963 474 1030 4.
483 965 540 1024 Sed
551 974 586 1024 ut
598 964 630 1023 in
651 965 766 1024 Catone
776 967 906 1044 Maiore,
920 964 971 1044 qui
982 972 1027 1021 est
1045 962 1127 1022 scri-

121 1038 194 1132 ptus
215 1049 251 1108 ad
267 1050 349 1108 tede
377 1059 540 1128 senectute,
563 1052 706 1112 Catonem
721 1051 837 1129 induxi¹
845 1069 944 1114 senem
966 1048 1127 1127 disputan-

19 1139 22 1146 ’
121 1145 199 1210 tem,
223 1139 293 1214 quia
315 1133 398 1192 nulla
421 1135 579 1194 videbatur
604 1135 704 1215 aptior
725 1155 871 1216 persona,
906 1153 982 1214 quac
1005 1133 1044 1192 de
1074 1133 1127 1190 illa

112 1221 219 1280 ‘aetate
239 1220 422 1297 loqueretur,
442 1239 530 1298 quam
550 1220 624 1296 eius,
647 1221 700 1299 qui
713 1231 743 1280 ct
756 1220 924 1280 diutissime
935 1237 1027 1279 senex
1043 1217 1127 1298 fuis-

93 1375 96 1383 .
123 1315 186 1381 set,
217 1313 247 1362 et
268 1305 301 1364 in
321 1303 386 1401 ipsa
410 1314 560 1380 senectute
582 1315 716 1384 praeter
730 1316 844 1366 ceteros
871 1304 1039 1367 floruisset:
1071 1303 1126 1374 sic,

74 1395 75 1401 ’
125 1411 215 1468 quum
240 1389 455 1487 accepissemus
476 1409 492 1448 a
514 1365 652 1470 patribus
680 1391 810 1457 maxime
837 1386 1062 1469 memorabilem
1093 1387 1125 1444 C.

69 1469 70 1472 ¹
123 1476 216 1534 laelii
239 1475 317 1534 etP.
338 1467 487 1553 Scipionis
517 1476 748 1536 familiaritatem
776 1476 885 1574 fuisse,
913 1475 1022 1533 idonea
1049 1459 1161 1530 milii

124 1559 216 1619 Laelii
235 1579 364 1638 persona
386 1560 450 1618 visa
464 1569 518 1637 est,
534 1581 612 1656 quae
633 1545 812 1620 deamicitia
829 1581 864 1620 ea
876 1561 940 1640 ipsa
950 1558 1125 1635 dissereret,

125 1665 200 1725 quae
220 1643 370 1724 disputata
388 1643 425 1704 ab
445 1665 481 1708 co
503 1645 685 1706 meminisset
703 1647 856 1707 Scaevola.
901 1646 1002 1705 Genus
1025 1653 1126 1702 sutem

59 1737 63 1749 ’
124 1729 183 1792 hoc
206 1750 386 1804 sermonum,
407 1731 540 1810 positum
561 1729 593 1788 in
613 1729 771 1790 hominum
787 1737 920 1791 veterum
947 1729 1126 1788 auctoritate

100 1841 103 1847 ·
126 1826 156 1876 et
177 1836 279 1876 eorum
299 1815 463 1890 illustrium
485 1817 573 1913 plus,
604 1817 704 1876 nescio
725 1837 784 1899 quo
802 1826 900 1914 pacto,
920 1815 1050 1883 videtur
1062 1813 1125 1872 ha-

125 1903 197 1966 bere
216 1897 380 1978 gravitatis.
423 1901 573 1980 ltaque,
564 1921 628 1980 ipse
643 1921 709 1960 mea
728 1904 841 1979 legens,
864 1902 910 1960 sic
937 1899 1085 1960 afficior
1075 1919 1127 1957 m-

125 1988 264 2060 tardum,
288 1995 324 2044 ut
346 1987 503 2064 Catonem,
525 2007 588 2045 non
605 2006 662 2063 me,
684 1987 769 2064 loqui
787 1987 962 2046 existimem.
1003 1986 1035 2050 5.
1055 1922 1161 2103 Sed}

126 2081 163 2130 ut
177 2082 242 2137 tum
256 2069 294 2130 ad
313 2091 412 2131 senem
431 2079 523 2132 senex
534 2072 573 2132 de
586 2081 749 2171 senectute,
768 2072 812 2132 sic
824 2071 884 2131 hoo
900 2071 981 2130 libro
1001 2070 1039 2131 ad
1053 2069 1127 2140 smi-

127 2177 197 2216 cum
220 2155 414 2246 amicissimus
428 2157 465 2218 de
480 2157 610 2218 amicitia
630 2157 748 2238 scripsi.
788 2157 864 2216 Tum
880 2165 927 2216 est
947 2152 1020 2215 Cato
1041 2157 1127 2215 locu
1159 2134 1161 2223 l

66 2311 71 2314 ,
121 2239 232 2318 ltus,
206 2263 273 2320 quo
284 2250 349 2302 eret
361 2261 448 2302 nemo
465 2242 527 2302 fere
540 2243 640 2302 senior
652 2243 839 2341 temporibus
856 2242 925 2317 illis,
947 2241 1036 2302 neme'
1049 2260 1128 2322 pru-

120 2327 271 2402 dentiors
269 2347 372 2386 nunc
375 2327 491 2386 Laelius
505 2336 536 2386 et
546 2323 765 2426 sapiens-sic
773 2328 851 2386 enim
861 2336 907 2388 est
918 2325 1039 2387 habitus
1049 2359 1090 2372 -
1100 2332 1129 2385 et

129 2413 278 2500 amicitiae
293 2411 387 2490 gloria
400 2412 562 2490 excellens,
586 2412 772 2473 deamicitia
785 2413 930 2491 loquitur.
971 2413 1021 2475 Tu
1036 2410 1130 2472 velim
1159 2462 1161 2506 Ι

129 2485 264 2558 animum
283 2518 300 2556 a
317 2517 364 2556 me
377 2517 539 2578 parumper
553 2507 681 2574 avertas,
703 2498 836 2576 Laelium
850 2495 960 2576 loqui
950 2482 1051 2595 apium
1068 2517 1130 2577 pu-

58 2620 64 2630 ·
129 2594 183 2645 tes.
227 2583 260 2646 C.
282 2583 414 2642 Fannius
435 2593 466 2642 et
495 2583 533 2660 Q.
554 2582 671 2642 Mucius
692 2583 732 2641 ιιι
753 2600 890 2643 socerum
911 2583 1039 2644 veniunt
1060 2590 1135 2663 post

110 2663 264 2753 ¹mortem
273 2667 423 2728 Africanis
445 2667 481 2726 ab
495 2667 543 2726 his
557 2687 655 2728 sermo
671 2667 777 2734 oritur.
830 2667 979 2749 espondet
996 2669 1130 2728 Laelius:

77 2806 80 2810 .
132 2743 218 2826 cuius
239 2760 306 2812 tota
328 2751 492 2832 disputatio
515 2749 561 2814 est
578 2751 616 2813 de
635 2753 783 2829 amicitia,
814 2775 903 2834 quam
922 2753 1025 2834 legens
1045 2762 1161 2854 tute

48 2905 53 2916 ,
128 2841 234 2921 ipsum
256 2855 428 2914 cognosces.

218 2921 253 2983 ll.
269 2927 304 2992 6
327 2921 508 2984 Ferreus.
543 2901 621 2982 Sunt
640 2923 706 2997 ista,
719 2885 822 2991 Laeli'
844 2942 902 2982 nec
916 2922 1003 3009 euim
1024 2874 1161 2982 meliori

132 3009 182 3069 vir
202 3006 261 3083 fuit
280 3006 421 3074 Africano
443 3008 614 3087 quisquam,
636 3021 694 3067 nec
716 3007 835 3067 clarior.
879 2986 938 3068 Sed
951 3008 1161 3094 existimare

133 3093 259 3168 debes,
256 3092 391 3152 omnium
404 3094 507 3152 oculos
522 3113 605 3152 nunc
624 3092 657 3150 in
671 3102 703 3152 te
717 3113 781 3152 esse
796 3093 965 3153 coniectoss
974 3087 1082 3155 smum
1100 3083 1130 3152 ἰι

132 3177 295 3258 sapientem
312 3185 342 3236 et
359 3178 512 3260 appellant
524 3188 555 3237 et
571 3177 754 3240 existimant.
778 3178 980 3258 Tribuebatur
991 3177 1051 3238 hoc
1064 3200 1161 3245 mo-

25 3261 37 3275 *
132 3264 172 3323 do
194 3263 234 3340 M.
252 3261 372 3333 Catoni3
394 3263 559 3325 scimusL.
577 3261 703 3322 Aulium
716 3263 798 3343 apud
812 3273 912 3341 patres
924 3273 1050 3324 nostros
1073 3266 1161 3347 ιιι-ξ

133 3331 284 3435 pellatum
296 3367 359 3408 esse
379 3347 558 3427 sapientem:
582 3335 636 3417 sed
656 3357 784 3446 uterque
796 3347 856 3407 alio
873 3347 1003 3427 quodam
1023 3349 1128 3423 modo,

134 3432 255 3511 Atilius,
277 3431 348 3514 quia
365 3431 499 3514 prudens
519 3451 585 3494 esse
606 3433 640 3492 ιιι
657 3432 725 3494 iure
743 3432 829 3495 civili
845 3433 1023 3515 putebatun3
1049 3435 1128 3504 ceto,
