2334 3934
189 229 202 311 j
266 171 333 294 ἰιι
354 167 697 310 ιιιιιιιιιίιις
720 228 770 293 ιι.
793 226 882 294 asa
987 208 1059 290 faa·
1126 192 1130 200 ’

42 395 120 458 quc
126 375 218 456 abest,
229 373 273 440 ἰιι
288 378 439 440 amicitiae
454 387 581 476 propter
594 377 791 455 indigentiam
810 371 958 448 colantur,
970 365 1053 454 ut‘ii,

42 463 100 542 qui
118 461 226 544 opibus
249 473 280 523 et
301 465 396 545 copiis
419 464 610 542 maximeque
630 463 744 523 virtute
764 462 910 542 praediti,
937 462 970 520 in
993 481 1053 542 que
1124 455 1142 513 ἶ

41 549 213 646 plurimum
230 559 275 609 est
295 549 467 639 paaesidii,
470 549 595 614 minime
616 548 740 608 alterius
756 547 921 626 indigeant,
941 545 1053 606 libera-

42 633 154 694 lissimi
175 634 236 694 sint
257 643 292 694 et
306 623 577 698 beneficentissimi
615 634 722 732 Atque
739 631 822 692 haud
844 632 926 704 scio,
952 651 992 690 ιιι
1012 647 1053 693 ue

44 739 125 800 opus
142 719 182 778 sit
200 719 331 798 quidem,
352 719 429 779 nihil
443 739 586 798 umquam
601 720 725 778 omnino
742 718 842 779 deesse
857 717 970 777 amicis.
992 716 1064 776 Ubi*

16 852 19 858 .
41 803 127 866 enim
142 803 242 864 studia
258 815 361 866 nostra
379 805 554 884 viguissent,
580 805 606 864 si
619 824 782 884 numquam
798 802 935 879 oonsilio,
959 820 1074 862 num--

45 909 139 968 quam
158 909 253 974 opera
268 901 371 951 nostra
392 909 450 951 uae
466 890 551 950 domi
566 908 624 949 nec
637 891 761 949 militiae
780 888 883 969 Scipio
902 886 1053 966 eguisset?

43 975 115 1035 Non
137 975 232 1054 igitur
246 975 410 1036 utilitatem
427 975 568 1053 amicitia,
593 976 646 1036 aed
660 974 776 1034 utilitas
798 975 958 1033 amicitiam
981 993 1054 1033 con·
1118 1009 1133 1036 ,ψ

44 1069 148 1120 aecuta
162 1055 227 1119 ‘est
260 1061 327 1120 XV.
349 1067 401 1130 62.
421 1061 489 1120 Nou
504 1079 574 1140 ergo
591 1069 680 1120 erunt
700 1059 840 1119 homines
858 1058 973 1127 deliciis
989 1057 1054 1119 dit-

44 1147 176 1205 fluentes
202 1145 361 1220 audiendi,
383 1145 551 1226 siquando
582 1143 787 1222 deamicitia,
810 1165 898 1224 quam
918 1159 981 1204 uec·
995 1160 1055 1204 usu
1146 1175 1150 1180 ·

44 1231 235 1295 uectatione
250 1230 362 1290 habent
378 1231 535 1309 cognitam,
560 1230 767 1310 disputabunt.
798 1231 887 1289 'Nam
908 1230 984 1309 quia*
998 1237 1067 1306 eet,¹

44 1337 105 1398 pro
127 1313 217 1376 detim
235 1315 326 1375 fidem
348 1324 437 1395 atque
453 1315 627 1375 hominum!
650 1317 702 1395 qui
719 1317 804 1393 velit,
825 1326 861 1375 ut
881 1334 980 1394 neque
1001 1313 1054 1372 di-

45 1402 122 1480 ligat
148 1421 326 1481 quemquam
352 1419 407 1482 neo
426 1400 491 1481 ipse
510 1401 549 1460 ab
569 1401 635 1460 ullo
658 1400 820 1479 diligatur,
844 1393 1054 1460 circumfluere

46 1485 187 1545 omnibus
203 1487 296 1566 copiis
309 1495 398 1566 atque
412 1485 446 1545 in
466 1487 605 1545 omnium·
616 1507 718 1547 rerum
732 1485 915 1545 abundantia
928 1484 1053 1546 viveret

44 1571 131 1632 Haec
153 1580 197 1630 ιιι
219 1572 297 1631 enim
309 1581 512 1652 tyrannorum
535 1571 609 1648 vita,
628 1572 662 1630 in
679 1591 738 1651 qua
752 1571 893 1630 ιιιιιιιιιιιιι
909 1569 996 1630 nulla
1010 1566 1054 1628 'n-

45 1657 112 1733 dee,
134 1657 219 1714 nulla
242 1656 359 1755 οιιιιιι,
382 1657 465 1718 nulla
484 1656 601 1718 stabilis
624 1657 849 1719 benevolentiae
868 1665 969 1740 potest
990 1673 1055 1714 ease

44 1741 178 1802 fiducia:
200 1743 300 1802 omnia
320 1763 438 1824 semper
452 1753 594 1824 suspecta
606 1753 696 1823 atque
709 1743 855 1803 sollicita:
878 1741 982 1800 nullus
998 1740 1055 1799 lo-

46 1847 104 1888 cus
130 1819 287 1889 amicitiae.
330 1832 382 1896 63
401 1828 477 1913 Quis
493 1830 573 1890 enim
593 1840 644 1892 ant
666 1850 734 1889 eum
749 1829 864 1907 diligat,
881 1847 968 1908 quem
987 1845 1055 1886 ma-

45 1921 133 1985 tuat3
161 1922 213 1974 aut
234 1931 301 1974 oum
310 1935 442 1998 ,Qquo
465 1937 496 1977 se
516 1917 611 1976 metui
632 1915 741 2016 putet?
785 1915 933 1974 Coluntur
952 1921 1056 1972 tamen

47 1999 242 2062 simulatione
264 2000 424 2061 dumtaxat
443 2002 482 2062 ad
505 2011 634 2081 tempus
663 1999 815 2086 Quod
791 2021 816 2060 ιι
839 2001 931 2075 ιοιιι,
961 2008 998 2068 ut
1019 1996 1056 2057 fit

5 2093 7 2096 '
46 2085 239 2182 plerumque,
261 2085 439 2146 ceciderint·
466 2096 530 2146 tum
544 2086 734 2165 intelligitur,
751 2105 840 2166 quam
847 2082 1057 2144 fuerintino·

47 2189 102 2250 pes
124 2169 301 2232 amicorum.
345 2171 436 2245 Quod
458 2171 674 2272 Tarquinium
670 2172 789 2232 dixisse
810 2171 921 2245 ferunt,
943 2177 1009 2226 tum
1024 2188 1057 2228 aa

6 2269 19 2316 ’.
46 2254 252 2357 intellexisse,
283 2273 359 2358 quos
376 2255 463 2320 fidae
491 2261 603 2319 amicos
632 2258 803 2334 habuisset,
833 2275 905 2336 quoa
933 2252 1056 2333 infidos,
1081 2247 1086 2252 ’

49 2343 218 2423 quumiam
235 2347 351 2406 neutris
366 2339 493 2444 gratiam
509 2347 748 2424 referrepoaset
792 2344 843 2408 54
866 2341 1057 2420 Quamquam
1126 2397 1130 2403 .

48 2429 169 2514 ιιιιιοι,
177 2429 232 2488 illa
252 2431 390 2514 superbia
413 2441 443 2490 et
464 2429 695 2512 importunitate
714 2430 740 2488 ai
754 2447 933 2508 quemquam
945 2426 1058 2485 habere

48 2507 161 2596 potuit.
202 2515 306 2594 Atque
326 2525 361 2575 ut
379 2515 482 2593 huius,
506 2537 595 2596 quem
617 2516 692 2592 dixi,
713 2535 812 2574 mores
833 2532 923 2573 veros
944 2510 1058 2570 amicos

49 2619 159 2680 parare
179 2617 243 2660 nou
263 2610 444 2680 potuerunt·
468 2602 512 2661 sic
535 2602 702 2662 multorum
722 2620 793 2680 opes
814 2597 1057 2678 praepotentium
1084 2599 1089 2606 ‘

5 2747 6 2751 ,
50 2683 225 2744 excludunt
232 2687 388 2747 amicitias
403 2687 518 2749 fideles.
560 2688 629 2748 Non
651 2686 730 2746 enim
746 2684 867 2744 solum
859 2703 924 2764 apsa
935 2684 1059 2743 fortuna

50 2789 141 2830 caeca
160 2779 214 2847 eat,
237 2771 289 2832 sed
315 2793 364 2833 eoa
395 2772 483 2832 etiam
512 2773 692 2852 plerumque
721 2770 814 2831 elficit
834 2789 956 2844 caecos,
980 2786 1058 2847 quos
1099 2840 1102 2848 1

51 2856 211 2939 complexa
233 2865 288 2917 est.
332 2859 438 2937 ltaque
461 2856 631 2918 efferuntur
649 2857 696 2916 illi
715 2858 777 2916 fere
796 2853 916 2915 fastidio
933 2862 963 2912 et
981 2872 1058 2912 eon

50 2942 199 3004 tumacia.
221 2961 320 3022 neque
342 2942 531 3023 quidquam
521 2942 684 3023 insipiente
704 2944 857 3002 fortunato
877 2931 1059 2998 intolerabi-

50 3027 113 3087 lius
134 3025 203 3087 fieri
221 3036 332 3107 potest.
374 3029 471 3108 Atque
493 3028 552 3088 hoc
574 3029 693 3108 quidem
706 3027 808 3088 videre
825 3024 909 3099 licet,
930 3045 990 3101 eos,
1005 3023 1059 3102 qui

51 3122 139 3192 autea
156 3113 321 3173 commodis
336 3115 461 3174 fuerunt
479 3113 664 3184 moribua3
655 3113 793 3194 imperio,
807 3117 966 3192 potestate,
986 3129 1060 3188 pro-

6 3273 7 3278 ,
51 3196 149 3277 speais
171 3197 261 3259 rebus
283 3199 451 3276 immutari,
471 3201 573 3280 sperni
592 3201 629 3259 ab
646 3199 694 3258 his
711 3195 998 3272 veteres-amicitias,
1013 3194 1059 3253 in.

52 3282 173 3361 dulgeri
193 3283 293 3348 novis.
337 3286 388 3352 65
420 3285 503 3360 Quid
532 3295 631 3349 autem
654 3283 791 3360 stultius,
827 3300 933 3360 quam,
963 3299 1060 3359 quum

52 3369 219 3448 plurimum
242 3369 349 3448 copiis,
372 3370 574 3448 facultatibus,
599 3368 705 3450 opibus
728 3367 857 3450 possint,
880 3374 977 3424 cetera
999 3385 1060 3445 pa-

52 3468 132 3528 rare,
155 3473 229 3532 quae
246 3463 395 3535 parantur
412 3457 551 3537 pecunia,
572 3475 676 3535 equos,
691 3452 830 3528 famulos,
843 3462 957 3510 vestem
971 3469 1062 3530 egie-

7 3599 9 3616 ,
53 3541 144 3619 giaaq
165 3557 249 3602 vasa
258 3541 406 3624 pretiosa:
428 3541 540 3604 amicos
561 3560 633 3603 nou
644 3559 761 3624 parare,
784 3538 929 3666 optimam
948 3547 978 3598 et
989 3535 1060 3618 pul·
