2334 3934
121 118 166 184 ss
335 69 644 239 'emanans
667 66 874 178 neamus
894 152 898 179 ,
940 121 944 125 ·
977 118 981 121 ·

123 274 237 329 stantes
256 264 397 345 eligendi,
416 265 504 327 cuius
504 228 639 366 generis
651 252 822 347 estmagni
834 262 979 348 penuria.
1002 270 1031 325 et
1045 258 1122 323 iudi·

125 374 194 413 care
211 352 334 413 difficile
347 362 393 413 est
407 372 478 412 sane
494 352 556 450 nisi
570 362 746 452 expertum·
756 350 987 432 experiendum
1007 359 1053 411 est
1067 370 1121 407 an-

123 449 185 499 tem
205 439 245 503 in
256 437 324 519 ipsa
340 431 485 508 amicitia:
494 413 553 497 its
568 439 738 523 praecurrit
751 438 883 497 amicitia
897 435 1060 507 iudicium
1065 434 1121 493 tul-

123 523 221 604 litque
246 522 422 603 experiendi
443 532 634 602 potestatem.
678 528 744 591 ,63.
784 524 850 585 list
856 522 953 600 igitur
968 520 1121 602 prudentis

125 610 283 686 sustinere,
298 618 334 669 ut
348 628 482 706 currum,
504 610 549 670 sic
563 611 709 691 impetum
724 607 964 683 benevolentiae,
973 626 1039 685 quo
1059 615 1121 665 uta·

22 702 27 707 “
53 742 58 751 ,
83 721 86 726 ’
105 714 205 771 mur,
218 692 304 775 quasi
317 694 400 774 equis
417 694 551 771 tentatis,
565 695 611 755 sic
627 694 776 761 amicitiis
792 694 894 791 aliqua
908 700 994 773 parte
1009 690 1121 786 pericli-

124 767 196 839 latis
212 779 347 860 moribus
367 777 544 839 amicorum.
588 758 719 854 Quidam
736 799 823 860 saepe
840 780 876 837 in
890 798 984 862 parva
1000 775 1122 858 pecunia

115 853 350 947 ,perspiciuntur
366 884 456 944 qnam
470 864 532 925 sint
537 866 639 926 lzeves
662 866 795 946 quidam,
809 884 885 943 quos
900 882 996 943 parva
1010 880 1122 921 movere

125 970 190 1011 non
198 954 316 1050 potuit,
336 960 561 1029 cognoscuntur
579 950 614 1015 in
627 970 742 1030 magna.
785 950 839 1009 Sin
856 957 945 1010 erunt
965 948 1061 1029 aliqui
1079 966 1121 1005 rc-

48 1089 53 1097 .
126 1036 222 1115 perti,
246 1036 299 1116 qui
320 1035 478 1116 pecuniam
500 1036 654 1115 praeferre
675 1034 822 1095 amicitiae
844 1034 1016 1099 sordidum
1026 1030 1120 1093 existi·

126 1129 223 1182 ment.
244 1121 298 1180 ubi
314 1141 365 1180 eos
384 1118 585 1214 inveniemus,
608 1122 662 1219 qui
683 1110 823 1197 honored,
847 1120 1048 1198 magistratus,
1067 1116 1120 1178 im·

32 1251 42 1272 1,
125 1206 221 1287 peria,
236 1214 409 1286 potestates,
423 1225 495 1285 opes
508 1206 657 1267 amicitiae
669 1226 731 1267 non
744 1204 952 1283 anteponant?
973 1214 1019 1281 ut,
1035 1222 1120 1283 quun

40 1288 47 1297 ’
126 1310 168 1371 ex
186 1292 280 1352 altera
285 1300 383 1373 parte
393 1292 550 1371 proposita
569 1290 653 1351 haec
658 1291 728 1370 sint,
740 1295 782 1353 'ex
798 1290 954 1353 alteratus
971 1288 1119 1361 amicitiae,

53 1432 56 1436 .
111 1396 191 1453 ,non
207 1377 304 1437 multo
326 1376 378 1438 illa
393 1376 520 1440 malint?
547 1377 701 1438 imbecilla
718 1387 764 1437 est
779 1374 858 1437 enim
874 1384 983 1435 natura
996 1372 1036 1435 ad
1053 1392 1119 1433 con·

118 1462 318 1538 ,temnendam
341 1462 550 1543 potentiam
560 1483 651 1541 quam
673 1461 763 1523 etiarn
789 1464 815 1522 si
837 1460 979 1541 neglecta
1001 1458 1122 1519 amicitia

128 1546 283 1606 consecuti
307 1556 386 1621 sunt,
410 1548 629 1607 obscuratum
620 1549 657 1607 iri
677 1549 872 1622 arbitrantur,
894 1546 966 1625 quia
983 1566 1047 1604 non
1064 1543 1119 1603 sine

108 1651 235 1729 -matgna
250 1653 352 1691 caussa
366 1632 406 1704 sit
424 1634 571 1711 neglecta
576 1632 716 1694 amicitia.
758 1632 831 1731 64.
758 1632 937 1731 (ultaque
953 1650 1043 1691 verae
1055 1629 1118 1689 ami

128 1716 214 1775 citiae
229 1716 637 1797 difficillimereperiuntur
627 1740 660 1779 in
676 1719 723 1793 iia,
744 1717 796 1797 qui
812 1717 843 1776 in
858 1716 1024 1779 honoribus
1038 1733 1118 1793 reque

118 1789 251 1883 ⁴publica
263 1811 434 1864 versantur.
477 1803 536 1861 Ubi
550 1805 628 1863 enim
648 1805 737 1865 istum
758 1802 904 1874 invenias,
918 1823 969 1887 qur
961 1800 1117 1861 honorem

128 1886 217 1947 amici
234 1896 397 1968 anteponat
417 1886 494 1947 suoi
525 1888 629 1961 Quidl
652 1888 728 1949 haec
744 1896 779 1959 ut
793 1888 940 1964 omittam,
957 1907 1045 1966 quam
1062 1906 1117 1985 gra·

104 1973 106 1978 ’
126 1992 189 2051 ves,
213 1992 303 2052 quam
322 1972 461 2034 difficiles
471 1973 634 2054 plerisque
649 1974 792 2035 videntur
812 1970 1016 2035 calamitatum
1033 1972 1116 2033 socie-

126 2059 218 2118 tates!
247 2058 295 2118 'ad
326 2079 409 2139 quas,
427 2079 490 2119 nors
518 2068 562 2119 est
590 2060 678 2121 facile
712 2059 842 2119 inventu
876 2059 931 2139 qui
960 2058 1116 2120 descendat.

127 2142 321 2224 Quamquam
335 2144 453 2203 Ennius
474 2154 573 2204 recte:

212 2229 344 2289 Amicus
365 2240 466 2287 certas
481 2231 514 2288 in
535 2252 567 2287 re
588 2231 705 2312 incerta
726 2232 882 2303 obruitur:⁴
959 2304 963 2309 Ι

126 2323 228 2375 tamen
236 2314 378 2375 haecduo
386 2314 516 2375 levitatis
526 2323 556 2373 et
567 2314 751 2375 infirmitatis
758 2316 918 2396 plerosque
926 2310 1114 2385 convincunl;

127 2410 180 2470 aut
201 2400 227 2459 si
246 2400 279 2459 in
303 2400 391 2461 bonis
410 2398 497 2461 rebus
521 2410 719 2461 contemnunt
744 2400 849 2476 autin
868 2400 955 2463 malis
978 2400 1115 2459 deserunt

214 2484 322 2545 XVIII.
353 2486 415 2559 Qui
437 2484 528 2564 igitur
550 2496 677 2584 utraque
705 2485 739 2545 in
760 2506 794 2546 re
817 2506 956 2565 gravem,
980 2494 1117 2546 constan-

127 2579 199 2646 tem,
220 2564 356 2631 stabilem
370 2581 404 2631 te
423 2570 456 2629 in
473 2571 604 2629 amicitia
624 2572 816 2649 praestiterit,
837 2572 921 2633 hunc
942 2591 982 2631 ex
1001 2568 1117 2630 maxime

126 2676 198 2719 raro
221 2654 377 2715 hominum
402 2675 510 2735 genere
532 2655 668 2717 iudicare
699 2656 840 2717 debemus
866 2666 896 2717 et
923 2676 1019 2738 paena
1048 2654 1117 2716 divi·

126 2762 180 2801 no.
224 2742 275 2808 65.
297 2742 533 2803 Firmamentum
565 2751 666 2803 autem
694 2742 872 2806 stabilitatis
886 2742 1117 2819 constantiaeque

127 2827 207 2902 eius,
226 2847 316 2906 quam
335 2826 369 2885 in
387 2827 520 2891 amicitia
538 2829 726 2908 quaerimus,
747 2828 824 2889 fides
848 2837 903 2889 est.
940 2826 1028 2892 *Nihil
1049 2826 1117 2889 enim

127 2911 233 2971 stabile
253 2921 314 2988 est,
336 2911 418 2989 quod
441 2913 581 2973 infidum.
627 2914 799 2993 Simplicem
820 2924 975 2995 praeterea
992 2923 1025 2973 et
1045 2932 1117 2973 com·

127 3017 250 3057 munem
264 3006 294 3057 et
316 2998 561 3071 consentientem,
580 3018 631 3077 qui
623 2998 735 3059 rebus
751 2998 856 3061 iisdem
874 3010 1043 3081 moueatur,
1061 2995 1115 3073 eli
1096 3016 1116 3052 ι

126 3102 186 3163 par
200 3091 260 3146 est.
282 3102 357 3162 quae
378 3084 478 3142 omnia
491 3083 646 3163 pertinent
659 3083 698 3141 ad
713 3083 896 3145 fidelitatem.
924 3087 1028 3165 Neque
1047 3084 1116 3144 enin

47 3175 51 3184 “
126 3166 224 3228 fidum
244 3177 353 3248 potest
370 3188 433 3228 esse
454 3167 643 3249 multiplex'
634 3169 786 3248 ingenium
808 3179 837 3238 et
855 3180 1042 3240 tortuosum3
1070 3186 1116 3227 ne

127 3272 291 3333 querere,
311 3252 365 3333 qui
383 3274 447 3325 non
469 3254 574 3313 iisdem
596 3254 687 3315 rebus
707 3264 845 3317 movetur
865 3266 1032 3335 natansque
1055 3272 1115 3313 con·

127 3337 236 3413 sentit,
265 3338 345 3397 fidus
366 3347 419 3398 ant
435 3338 552 3399 stabilis
573 3348 676 3419 potest
696 3360 767 3403 esse.
811 3341 992 3411 addendum
1022 3340 1115 3401 eodem

24 3483 41 3501 ,
106 3431 184 3508 ἀεὶ,
200 3431 236 3483 ut
256 3442 303 3487 ne,
319 3421 496 3484 criminibns
509 3433 572 3485 aut
591 3424 756 3487 inferendis
777 3424 941 3513 delectetur
961 3424 1116 3488 antecedat
