2334 3934
90 194 178 280 ‘so
329 188 589 272 c'rcsnoms
617 203 742 311 csso
762 157 916 268 usion
956 176 960 180 ’

62 413 65 422 .
118 361 246 439 lubobit3
269 363 413 443 quonism
426 342 643 423 sinebisbeets
656 369 985 445 essepotestseuectus.
1028 361 1161 423 xvtt„

119 453 171 514 59.
193 449 301 516 bluitos
319 449 358 508 sd
376 469 424 510 res
445 446 821 528 perutiles'Xonopbontis
839 444 909 507 libri
931 456 1020 524 sunt,
1047 467 1138 526 quos
1159 420 1162 515 1

86 543 90 548 “
117 533 215 616 legite,
236 553 363 614 quaeso,
386 533 535 611 studiose,
557 543 594 594 ut
609 534 716 595 fecitis.
765 534 864 610 Quem
883 532 1005 615 copios'e
1026 533 1064 594 sb
1090 520 1162 594 eoi

57 671 58 678 ,
118 619 302 697 agricultura
315 617 457 684 laudatur
468 620 501 686 in
518 639 551 678 eo
566 619 656 696 libro,
685 617 739 699 qui
750 630 796 679 est
809 619 847 679 de
860 617 972 678 tuende
986 637 1020 677 re
1036 619 1136 678 ismi-
1154 628 1157 638 ¹

5 778 10 784 1
118 704 197 775 iisri,
219 703 271 783 qui
286 702 506 764 Oeconomicus
525 703 718 765 inscribitur!
759 699 863 784 Atque
877 713 913 764 ut
934 702 1134 783 intelligatis,

117 789 196 874 nihil
208 790 235 848 ei
248 799 309 850 tum
324 790 421 868 regule
433 789 542 866 videri,
562 811 653 869 quam
672 788 809 851 studium
822 789 887 867 egri
897 788 1035 866 colendi,
1061 789 1135 851 So-

99 947 103 953 ,
118 885 217 935 crates
230 873 262 933 in
276 893 311 935 eo
325 875 404 934 libro
420 876 556 955 loquitur
567 895 636 957 eum
644 875 813 936 Critobulo:
835 875 949 954 Cyrum
961 875 1134 952 minorem,

23 1007 26 1018 .
116 961 275 1022 Persarum
289 955 399 1040 regens,
428 970 628 1042 praestentur
640 961 760 1042 ingenis
775 970 864 1040 utque
883 959 1002 1040 imperii
1014 960 1132 1039 gloria,

116 1065 210 1127 quum
226 1045 380 1126 Lysander
393 1046 662 1124 Lacedaemonius,
694 1047 741 1108 vir
755 1063 887 1108 summus
901 1045 1043 1123 virtutis,
1065 1065 1133 1106 ve-

116 1132 212 1192 nisset
224 1132 264 1190 ud
276 1151 350 1190 eum
360 1131 473 1210 Sardis,
503 1132 590 1212 eique
604 1132 682 1192 done
694 1153 712 1191 a
726 1131 817 1192 sociis
832 1130 999 1191 attulisset:
1027 1141 1057 1191 et
1073 1151 1132 1191 ce-

57 1242 60 1246 ·
83 1237 95 1244 ‘
114 1217 188 1278 teris
201 1216 237 1276 in
246 1216 334 1277 rebus
349 1237 537 1278 communem
558 1238 628 1296 ergo
644 1217 832 1298 Lysandrum
850 1226 939 1295 utque
954 1215 1129 1290 humanum
1156 1264 1161 1306 t

114 1303 219 1377 fuisse,
240 1311 270 1360 et
285 1301 314 1369 ei
328 1301 487 1382 quemdam
500 1311 677 1384 conseptum
689 1324 812 1382 ugrum,
840 1302 1001 1381 diligenter
1015 1303 1129 1362 consi·
1157 1319 1163 1382 1

113 1397 178 1448 sum
197 1387 378 1462 ostendisse3
402 1407 495 1468 quum
506 1398 610 1450 sutem
625 1390 824 1450 admirsretur
832 1387 985 1468 Lysander
997 1397 1028 1448 et
1044 1409 1125 1468 pro-
1157 1396 1162 1468 1

3 1543 8 1556 ¹
113 1473 251 1533 ¹ceritates
267 1469 424 1550 erboruu's,
455 1475 630 1536 etdirectos
653 1476 686 1535 iu
699 1475 902 1556 quincuncem
921 1472 1059 1550 ordines,
1089 1481 1126 1533 et
1157 1524 1161 1555 2

87 1565 88 1572 ’
113 1555 240 1618 humum
255 1558 407 1618 subactum
422 1567 510 1638 utque
523 1580 641 1640 purum,
663 1570 693 1621 et
706 1552 883 1622 suavitatem
896 1557 1040 1635 odorum,
1063 1557 1125 1638 qui
1156 1574 1160 1637 j

68 1684 71 1689 -
113 1643 470 1704 afflarenturessoribus:
493 1654 559 1706 tum
573 1665 642 1704 eum
658 1645 783 1723 dixisse,
803 1644 906 1705 mirari
921 1664 954 1704 se
970 1663 1033 1702 uon
1048 1664 1126 1704 mo·
1157 1643 1161 1710 ζ

108 1731 153 1790 *do
173 1727 370 1808 diligentiam,
391 1729 544 1790 sedetiam
556 1720 719 1790 sollertium
732 1731 815 1807 eius,
845 1751 863 1790 s
876 1747 938 1809 quo
950 1727 1049 1788 essem
1058 1729 1127 1810 illu
1159 1731 1162 1738 '

112 1813 245 1876 dimensa
258 1823 347 1894 utque
362 1811 530 1898 descriptu3
559 1826 591 1876 et
607 1817 632 1876 ei
650 1817 763 1897 Cyrum
779 1815 987 1896 respondisses
1014 1815 1126 1895 Atqui

112 1922 168 1980 ego
190 1903 295 1985 omniu
317 1905 380 1960 ista
404 1921 475 1960 sum
499 1899 670 1977 dimensum
696 1906 757 1961 mei
780 1912 856 1980 sunt
874 1900 1014 1978 ordines,
1047 1921 1125 1959 mea

112 1985 290 2068 descrsptim
312 1988 430 2045 multoe
439 1989 532 2046 etiam
545 1988 679 2047 istarum
690 1979 837 2047 arborum
850 2007 919 2046 msa
931 1985 1028 2046 nsonu
1041 1997 1125 2045 sunt

111 2085 210 2133 eatae.
252 2073 329 2132 Tum
344 2072 549 2152 Lysandrum,
577 2064 751 2135 intuentem¹
757 2093 925 2155 purpuram
943 2074 1005 2132 eius
1019 2082 1051 2132 et
1061 2072 1124 2130 ni·-
1157 2111 1161 2134 ι

110 2167 209 2220 torem
233 2157 369 2240 corporis
389 2167 589 2238 ornatumque
603 2161 755 2222 Persicum
777 2153 874 2221 muto
891 2177 966 2218 suro
990 2157 1123 2218 multis-

110 2243 171 2323 qu'e
185 2244 325 2322 gemmis,
347 2243 474 2303 dixisse:
502 2247 576 2304 Rite
589 2242 717 2324 vero'te,
742 2247 833 2326 Cyre,
861 2245 985 2304 beatum
994 2246 1119 2321 serunt,
1156 2249 1161 2260 “

111 2333 262 2411 quoniam
273 2330 385 2389 virtuti
398 2339 471 2388 tuae
478 2330 614 2406 fortuna
627 2334 792 2413 coniuncta
803 2343 858 2390 est.
900 2334 954 2411 ⁶⁰3
977 2329 1043 2390 Huc
1059 2329 1120 2408 igi·
1158 2341 1161 2350 “

110 2423 164 2474 tur
176 2416 298 2475 fortuna
311 2414 373 2482 frui
388 2414 462 2475 licet
477 2414 614 2476 senibus:
642 2437 699 2476 nec
712 2428 791 2478 setus
804 2415 949 2496 impedit,
979 2435 1041 2495 quo
1057 2416 1119 2475 mi-
1159 2444 1161 2465 r

42 2525 46 2531 ·
109 2517 168 2562 uus
183 2509 392 2560 ebceterurum
407 2519 509 2560 rerum
524 2511 554 2562 et
568 2502 601 2560 in
616 2502 719 2582 primis
728 2497 797 2582 ¹ogri
812 2502 929 2563 ooiendi
949 2501 1057 2584 studia*
1069 2510 1119 2562 te·

88 2614 90 2618 ¹
109 2605 234 2646 neamus
257 2605 353 2665 usque
373 2587 412 2645 sd
424 2586 563 2646 ultimum
577 2596 697 2667 tempus
714 2589 888 2649 senectutis.
931 2587 972 2646 nl.
992 2585 1118 2667 quidem

108 2668 262 2732 Vuierium
278 2671 410 2731 Corvum
425 2671 597 2752 accepimus
607 2671 647 2731 od
661 2673 855 2732 centesimum
872 2690 986 2731 sunum
996 2673 1120 2753 perdu·
1156 2694 1159 2720 ³

68 2783 70 2788 ¹
107 2747 202 2833 xisse,
230 2775 324 2834 quum
337 2747 568 2816 essetecuiem
590 2757 726 2819 setsteiu
741 2757 834 2836 egris,
863 2776 972 2836 eosque
989 2760 1116 2823 coleret.
1149 2746 1159 2848 1

65 2867 67 2883 ·
108 2841 202 2901 Guiirs
219 2840 299 2902 inter
313 2840 446 2921 primurn
462 2851 492 2904 et
507 2852 628 2904 sextum
648 2843 836 2905 consulatum
855 2862 908 2901 sex
930 2853 961 2915 et
978 2844 1115 2923 qundec—
1155 2852 1160 2942 1

107 2926 192 3006 ginta
206 2925 278 2986 uniri
292 2926 503 2997 interfuerunt.
546 2929 592 2988 Its
607 2939 752 3009 quantum
770 2927 900 3009 spatium
923 2930 1027 2988 setstis
1039 2949 1115 3006 susq
1155 2948 1158 2995 ζ

106 3013 186 3085 iores
199 3012 237 3071 ad
253 3013 416 3071 senectutis
431 3012 552 3072 initium
569 3015 824 3091 essevoluerunt,
855 3013 1017 3074 tentusilli
1035 3034 1114 3076 cur·
1164 3014 1166 3069 ζ

89 3117 160 3159 'sus
175 3095 327 3158 honorum
342 3097 410 3159 suit.
453 3098 554 3178 Atque
575 3097 639 3161 eius
659 3109 793 3160 extrema
812 3107 892 3159 uetes
905 3099 967 3160 hoc
983 3099 1112 3177 beatior,
1139 3149 1142 3161 .

32 3239 35 3246 .
107 3200 198 3262 wem
211 3181 317 3260 medie,
341 3181 423 3261 quod
435 3183 621 3244 auctoritatis
629 3183 758 3246 habebat
769 3187 851 3267 plus,
866 3184 983 3246 isborls
999 3185 1112 3257 minus.
1162 3186 1165 3221 ¹

22 3333 28 3344 ,
105 3267 194 3349 Apex
206 3277 250 3328 est
265 3277 364 3327 sutem
377 3268 543 3328 senectutis
563 3271 737 3358 auctoritas.
773 3269 835 3338 Δ61.
859 3271 980 3346 Quuutu
999 3269 1111 3332 tuitio

105 3353 140 3414 L.
156 3351 284 3413 Caecilio
307 3353 441 3414 Metello!
470 3363 583 3432 quanta
602 3354 635 3414 in
657 3356 764 3416 Attilio
782 3357 931 3416 Calatino!
966 3353 999 3414 iu
1020 3373 1110 3433 quem
1163 3359 1165 3394 ³

75 3475 78 3482 ·
105 3438 330 3517 illudeiogium
356 3457 467 3520 uuum
484 3459 582 3501 nuuc
604 3460 806 3502 rnuussssc
834 3459 1110 3506 consessurum·
1164 3446 1165 3473 t

107 3544 424 3602 succensurum
451 3543 676 3586 eurusuruss
701 3547 837 3588 rursss
864 3537 1000 3587 urceus„
1045 3527 1111 3587 No·
1155 3557 1166 3597 ,·

248 3638 256 3672 1
603 3646 605 3650 ,
1111 3642 1120 3648 ,
