2334 3934
177 131 748 292 ...rusticiana
974 180 1043 249 ss
1152 270 1154 279 Ι

39 343 212 416 divitiarum
233 342 367 406 modum.
409 340 517 405 Filiam
530 322 599 421 quis
610 334 721 401 habnt
743 334 871 419 paeonia
884 342 931 395 est
946 350 1036 414 opum
1104 345 1110 351 “

39 428 284 494 dorsi-maiore:
303 428 432 509 plures?
452 426 565 488 maiore
578 424 680 485 etiam.
711 424 750 484 Et
762 423 798 500 si,
821 419 961 496 utaiunt,
980 420 1038 477 Da·
1092 418 1100 427 '

38 537 93 578 nso
116 514 334 597 quinquaginta
357 512 420 574 sint
439 512 535 573 filiae:
555 520 604 571 tot
625 510 711 571 dotes
726 512 1035 588 magnaquuaerunt
1081 512 1088 529 ‘

38 602 205 683 pecuniam.
248 602 405 675 Quantam
423 595 633 677 crimenque
649 612 725 675 opus
739 603 794 671 est,
807 594 847 653 ad
864 591 895 651 id
913 610 1037 651 accom-

38 688 191 762 modatur,
210 694 250 746 ut
262 689 333 746 ante
343 684 419 762 diri,
441 682 614 747 divitiarum
631 679 749 742 modus.
792 678 856 753 Qui
866 675 960 757 igitur
972 694 1037 748 non

38 773 112 833 filias
124 772 239 853 plures,
251 770 305 831 sed
316 768 550 837 inumerabiles
563 766 743 847 cupiditates
754 760 853 841 habet,
861 753 937 843 quae
948 758 1036 822 brevi

38 868 173 939 tempore
185 857 331 918 maximas
348 854 451 935 copias
466 852 626 916 amorim
640 852 771 941 possint,
793 849 877 910 huno
892 867 953 927 quo
970 867 1037 910 sno.

38 943 73 1002 do
84 964 141 1023 ego
157 940 315 1021 appellabo
334 939 470 1017 dicitu,
492 957 582 1018 quum
597 939 662 1019 ipse
677 956 763 1015 egere
778 954 812 995 se
826 932 956 997 sentiit?
979 931 1033 999 45.

37 1028 123 1089 liniti
139 1046 180 1086 ex
197 1034 229 1086 ts
247 1026 423 1102 audierunt,
446 1044 540 1105 quum
556 1022 688 1098 diceres,
707 1024 856 1083 neminem
870 1041 931 1079 esse
948 1016 1036 1103 dipt-

38 1125 100 1192 tem,
122 1114 189 1173 nisi
203 1114 261 1191 qui
275 1113 438 1171 exercitam
458 1110 540 1169 alere
552 1118 658 1189 posset
672 1110 740 1189 suis
748 1105 927 1187 fruostbus:
949 1100 1035 1184 quod

37 1197 332 1280 populus'llomauus
342 1194 643 1275 lentisveotigslibus
658 1193 837 1274 iampridem
853 1192 908 1252 vix
924 1196 1035 1287 potest,
1093 1258 1099 1263 ι
1143 1235 1150 1243 .

37 1286 120 1363 Ergo,
132 1282 194 1368 lucc
208 1280 380 1363 proposito,
399 1300 565 1361 numquam
583 1280 641 1341 eris
663 1277 746 1340 dives
768 1287 847 1354 ante,
869 1296 961 1357 quam
977 1272 1035 1335 uta
1095 1288 1098 1297 ’

37 1388 71 1428 ex
88 1369 154 1429 tuis
165 1366 405 1448 possessionibus
419 1374 537 1425 tantum
551 1364 714 1442 reficiatur,
728 1372 766 1424 ut
779 1383 813 1425 eo
826 1363 907 1423 tueri
918 1380 972 1421 sex
984 1358 1034 1419 le·
1052 1378 1060 1384 ·

36 1453 138 1531 gisnes
154 1461 185 1513 et
202 1471 310 1531 magua
322 1452 506 1533 equitumac
525 1451 664 1531 peditum
682 1449 798 1509 auxilia
818 1448 926 1530 possis.
969 1444 1034 1505 lam

36 1539 136 1601 temris
148 1536 251 1619 igitur,
264 1556 328 1597 non
340 1556 404 1596 esse
419 1546 451 1597 te
469 1534 604 1615 divitem,
622 1534 673 1595 oui
688 1544 806 1595 tantum
820 1534 907 1612 desit,
925 1540 961 1591 ut
975 1550 1033 1591 ex·

36 1625 114 1703 picas
126 1622 172 1698 id,
190 1621 273 1701 quod
282 1630 420 1703 exoptas.
463 1621 565 1701 ltaque
580 1622 669 1683 istam
684 1629 900 1703 paupertatem,
913 1617 963 1680 vel
977 1636 1033 1698 po·

36 1710 93 1768 tius
118 1716 278 1787 egestatem
302 1728 340 1767 ae
359 1706 580 1767 mendicitatem
606 1714 690 1767 tuam
713 1724 877 1787 numquam
905 1703 1033 1764 obscure

36 1793 151 1854 tulisti·
161 1792 200 1852 Il.
219 1797 273 1858 46.
296 1791 372 1852 Nam
391 1803 428 1852 ut
441 1791 489 1865 iis,
505 1792 558 1871 qui
571 1789 697 1853 honeste
709 1812 773 1852 rem
788 1798 934 1871 quaerunt
948 1806 1031 1847 mer·

37 1877 144 1939 caturia
158 1875 312 1953 faciendis,
334 1878 435 1957 operis
449 1875 567 1956 dandis,
580 1877 711 1959 publicis
732 1876 893 1952 sumendis,
912 1872 1033 1933 intelli·

36 1961 226 2043 gimusopus
240 1982 305 2023 essa
320 1965 469 2042 quaesito:
488 1964 545 2044 sio,
565 1964 618 2042 qui
635 1962 719 2023 ridet
738 1963 821 2023 domi
839 1971 909 2023 tuae
918 1958 1033 2041 pariter
1077 2000 1079 2005 -
1149 2000 1153 2021 ,

36 2055 244 2109 accusatorum
265 2055 355 2127 atque
372 2048 510 2108 iudicum
520 2049 650 2108 mciatos
670 2066 772 2127 greges
779 2069 789 2124 3
816 2044 870 2127 qui
888 2053 1033 2105 nocentes
1124 2084 1127 2093 ·

35 2142 61 2192 et
76 2132 259 2213 pecuniosos
279 2152 356 2209 roos,
378 2132 482 2192 eodem
502 2140 533 2190 te
546 2132 911 2215 ,auctore-corruptelam
925 2124 1034 2191 iudicii
1151 2142 1152 2145 ’

35 2220 199 2293 molientes,
214 2216 265 2296 qui
280 2225 348 2277 tuas
362 2218 533 2277 mercedum
552 2218 709 2297 pactiones
726 2216 758 2277 in
773 2216 960 2299 patrociniis,
978 2216 1031 2276 in·-
1151 2278 1152 2281 ,

34 2303 225 2363 tercessiones
248 2302 444 2383 pecuniarum
465 2302 498 2361 in
519 2303 701 2363 coitionibus
723 2303 960 2379 candidatorum,
983 2302 1033 2361 di-
1096 2318 1104 2324 “

35 2387 187 2448 missiones
202 2386 378 2447 tibenorum
397 2387 436 2446 ad
451 2386 629 2449 serenandas
644 2388 885 2468 diripiendasque
902 2387 1033 2471 provin·

35 2473 108 2533 ciasz
134 2470 189 2552 qui
210 2472 404 2553 expulsiones
422 2470 607 2547 vicinorum,
631 2474 683 2553 qui
705 2474 863 2534 latrocinia
884 2474 918 2535 in
943 2473 1030 2553 agris,

35 2559 84 2637 qui
98 2575 169 2619 rum
183 2558 287 2642 servis,
302 2576 372 2617 cum
386 2555 512 2636 libertis,
532 2576 601 2619 cum
619 2558 778 2621 clientibus
797 2560 963 2637 societates,
978 2560 1032 2639 qui

34 2642 233 2720 possessiones
254 2661 380 2720 vacuas,
402 2643 455 2725 qui
472 2645 712 2726 proscriptiones
732 2646 948 2726 locupletium,
976 2642 1031 2723 qni
1090 2650 1093 2655 ’
1147 2680 1148 2685 1

35 2726 136 2789 caedas
153 2726 402 2807 municipiorum,
423 2728 477 2807 qui
498 2730 582 2789 illam
603 2730 719 2791 Sullani
735 2731 881 2811 temporis
904 2746 1034 2801 messem,

34 2812 218 2889 recordetur,
237 2812 291 2892 qni
308 2820 486 2873 testamenta
503 2812 655 2893 subiecta,
674 2816 727 2897 qui
745 2814 879 2877 sublatos
901 2822 949 2877 tot
960 2812 1030 2887 ¹{hos
1124 2860 1132 2865 .

33 2899 141 2975 minea3
164 2897 219 2979 qni
243 2898 372 2978 denique
395 2899 495 2959 omnia
519 2899 654 2978 venalia,
674 2900 842 2978 delectum,
866 2900 1029 2975 decretum,
1084 2922 1093 2931 „

34 2981 171 3060 alienam,
194 2988 281 3043 stiam
303 2983 780 3064 sententiam,fornm,domun1,
800 3006 918 3067 vocem,
936 2983 1030 3045 silen-

34 3066 125 3127 tium:
153 3069 220 3147 quis
240 3066 325 3128 huno
345 3088 408 3129 non
426 3078 515 3150 putet
534 3070 690 3151 confiteri,
708 3072 767 3155 sibi
793 3072 927 3151 quaesito
951 3088 1029 3151 opus
1146 3128 1147 3131 ,

34 3152 118 3215 esse't
144 3153 201 3213 Cui
214 3160 314 3214 sutem
327 3157 460 3234 quaesito
473 3176 550 3237 opus
563 3156 612 3233 sit,
627 3158 694 3237 quis
710 3176 852 3237 umquem
864 3156 946 3217 hunc
959 3172 1032 3217 vere

35 3234 145 3301 dixerit
162 3238 312 3301 divitem?
353 3246 407 3307 47.
430 3240 548 3303 Etenim
563 3240 736 3311 divitiarum
754 3244 873 3305 frustm
892 3241 924 3302 in
941 3240 1030 3322 copia
1145 3294 1146 3305 ,

35 3330 94 3395 est,
125 3324 246 3405 copiam
269 3334 370 3398 autom
391 3326 525 3388 declam
546 3327 667 3397 satietas
688 3348 793 3393 rerum
816 3338 907 3409 atque
929 3326 1029 3387 abun-

35 3405 152 3471 dantiae
174 3429 264 3490 quam
276 3419 312 3471 tu
328 3412 640 3493 quoniamnumqnam
660 3434 835 3495 assequere,
860 3430 1027 3493 numquam
1067 3475 1069 3483 ,
1144 3402 1145 3478 i

35 3493 199 3584 omninoes
213 3498 335 3556 foturus
352 3497 446 3560 dives.
484 3498 584 3561 Meam
602 3508 701 3561 autem
715 3501 859 3583 quoniam
872 3499 1028 3583 pecuniam
1134 3556 1140 3567 .

24 3649 27 3654 y
74 3576 237 3641 Crcssnonrs
250 3581 428 3647 Pansnoxa.
639 3589 661 3617 ·’
803 3589 870 3655 7„
916 3586 922 3642 l
1095 3580 1106 3603 '²
