2334 3934
153 209 178 226 ²
217 166 220 174 ’
249 173 817 270 aaantcirracra1o.11.
841 205 893 268 n.
1022 178 1064 271 a

56 359 215 435 Etiamne,
236 355 370 437 inquam,
388 359 419 416 ai
439 347 468 416 te
488 361 523 417 in
543 353 738 437 ssapmtnm
747 357 843 434 faces
854 357 940 433 ferra
956 357 1063 418 vellet?

58 437 293 523 „Numquam
306 441 420 522 inquit,
440 443 589 504 notanter
612 442 649 502 td
667 440 824 522 quidem.“
866 441 935 520 Sed,
955 445 990 502 oi·
1005 464 1063 503 oo-

57 529 189 588 luisset?
215 532 425 608 „parisiacam
434 532 453 564 “
496 529 621 601 Videtis,
649 547 740 607 quam
769 527 882 587 nefaria
905 548 979 591 vox.
1023 529 1064 589 Et
1101 599 1103 603 ¹

54 615 184 676 hercule
201 614 244 673 its
261 614 356 691 iecit,
373 615 428 682 vel
443 615 512 695 plus
535 616 640 691 etiam,
660 629 751 693 quam
777 613 870 674 dixit:
898 634 961 674 non
981 613 1063 674 enim

56 701 163 782 paruit
185 699 306 764 illaTi.
331 699 463 761 Gracchi
486 701 663 772 temeritati,
689 699 742 761 secl
774 700 922 779 praefuit:
951 718 1009 761 nec
1031 716 1063 759 se
1156 722 1164 733 ‘

57 787 198 848 comitem
219 783 306 846 illius
325 787 450 864 luroris,
479 787 532 848 sed
554 787 673 846 ducem.
688 784 835 865 praebuit·
877 786 983 865 Itaque
1003 783 1063 854 bac
1089 784 1093 799 ¹

56 872 199 948 amentia,
232 872 406 950 quaestione
425 893 508 932 nova
530 871 719 952 perterritus,
741 871 774 930 in
797 871 897 936 daiam
916 870 1062 950 profugit,

56 957 97 1018 ad
117 955 219 1018 boates
234 976 266 1018 ae
286 957 423 1031 contulit,
445 977 558 1038 poenas
573 957 617 1018 rei
633 949 770 1035 publicae
784 974 889 1034 graves
906 956 1063 1034 iustasque

55 1042 216 1126 persolvit.
258 1041 349 1104 Nulla
380 1051 425 1104 est
453 1044 546 1122 igitur
571 1043 727 1102 excusatio
753 1043 891 1122 peccati,'
917 1043 942 1101 si
972 1041 1061 1100 amici

57 1149 163 1192 causae
185 1126 372 1208 peccaveris:
394 1149 474 1204 nam,
497 1149 592 1208 quum
610 1127 805 1187 conciliatrix
826 1127 975 1186 amicitiae
994 1126 1061 1186 vii·
1123 1189 1131 1209 ι

54 1213 254 1294 tutisopinio
268 1213 370 1289 suerit,
393 1213 519 1274 difficile
532 1222 578 1273 est
590 1213 754 1272 amicitiam
771 1233 901 1298 manere,
923 1213 949 1272 si
964 1233 980 1270 a
994 1211 1062 1272 vir-

55 1309 127 1360 tute
147 1298 303 1360 defeceris.
343 1303 396 1365 38·
419 1299 510 1373 Quod
524 1300 551 1360 si
563 1309 687 1360 rectum
695 1298 898 1374 statuerimus,
921 1299 971 1357 vel
984 1318 1062 1356 con-
1093 1349 1097 1353 ,

57 1385 165 1448 cedere
181 1384 293 1461 amicis,
316 1384 464 1464 quidquid
485 1385 593 1460 velint,
615 1385 667 1444 vel
681 1383 845 1463 impetrare
858 1382 957 1458 abiis,
971 1383 1062 1462 quid·
1111 1403 1115 1409 ·

56 1471 135 1551 quid
152 1471 294 1543 solimam
312 1469 448 1550 ¹perfecta
473 1471 596 1550 quidem
618 1469 904 1549 sapientissimus,
933 1469 961 1529 si
982 1467 1063 1528 nihil

54 1555 167 1626 babeat
185 1575 235 1638 res
248 1554 331 1615 vitii:
354 1554 407 1615 sed
423 1557 576 1636 loquimur
595 1555 632 1616 de
652 1555 818 1630 tironicio,
840 1554 894 1634 qui
907 1563 977 1617 ante
989 1573 1063 1616 ocu·

54 1643 104 1701 los
128 1649 208 1715 sunt,
231 1661 307 1720 quos
327 1640 458 1702 vidimus
482 1651 535 1702 aut
555 1641 594 1702 ele
613 1641 720 1720 quibua
739 1641 916 1703 memoriam
935 1638 1063 1718 accepi·
1119 1702 1126 1719 s

54 1745 135 1804 mus,
158 1734 212 1790 aut
233 1745 310 1805 quos
334 1727 422 1788 novit
450 1729 514 1788 vita
546 1727 724 1790 communis.
768 1725 816 1788 Ex
843 1724 902 1795 boc
934 1745 1063 1787 numero
1162 1792 1165 1797 ,

54 1811 146 1880 nobis
163 1809 302 1891 exempla
322 1811 463 1873 sumenda
485 1823 566 1890 sunt,
592 1808 760 1872 eteorum*
769 1811 893 1890 quidem
920 1811 1063 1886 maxime,
1163 1822 1164 1827 ’

55 1897 113 1978 qui
135 1897 174 1956 sd
195 1896 370 1976 sapientiam
392 1897 532 1978 proxime
552 1897 737 1958 accedunt.¹·
755 1901 807 1964 39.
836 1895 981 1957 Videmus
1008 1896 1062 1957 Pa-

54 2003 133 2064 pum
149 1981 310 2042 Aemilium
330 1977 364 2040 C.
385 1981 517 2044 Luscino
538 1982 716 2044 familiarem
735 1983 831 2042 'faiam
851 2013 895 2029 -
916 1982 961 2040 sic
977 2002 993 2040 a
1008 2001 1062 2060 pa-
1116 2030 1119 2038 .

53 2066 345 2150 tribuaacccpimus
370 2085 415 2114 -a
435 2068 482 2129 bis
504 2089 574 2142 una,
593 2069 748 2139 consules,
772 2068 900 2146 collegas
931 2067 967 2137 in
987 2078 1078 2129 cen-'

55 2175 147 2229 aura;
177 2161 294 2214 tumet
314 2166 383 2216 cum
404 2151 442 2212 iis
462 2164 492 2214 et
514 2154 595 2214 inter
619 2173 652 2214 se
680 2153 943 2214 coniunctissimos
970 2151 1063 2212 fuisse

55 2241 108 2301 M'.
133 2238 309 2322 Cutiumet
330 2237 374 2300 Ti.
398 2237 622 2298 Coruncanium
640 2239 809 2299 memorias*
828 2238 981 2318 proditum
1004 2245 1063 2298 est.

54 2327 205 2404 igiturne
218 2323 367 2404 suspicari
381 2324 504 2406 quidem
518 2343 691 2405 possumus,
707 2344 885 2403 quemqnam
901 2323 1014 2384 borum
1025 2321 1063 2382 ab

55 2411 156 2472 amico
179 2408 335 2490 quidpiam
358 2410 564 2486 contendisse,
587 2409 670 2490 quod
689 2419 795 2469 contra
818 2409 925 2485 fidem,
953 2418 1062 2469 contra
1132 2424 1137 2431 ’

55 2496 279 2570 iusiurandum,
302 2503 408 2554 contra
424 2516 489 2556 rem
501 2495 653 2576 publicam
667 2504 754 2554 esset.
775 2492 851 2556 Nam
865 2493 927 2554 boo
939 2495 1063 2575 quidem

54 2583 92 2642 in
109 2581 222 2644 talibus
241 2578 316 2642 viris
336 2581 409 2659 quid
430 2581 539 2642 attinet
558 2581 707 2657 dicere,ai
729 2580 943 2657 contendisset,
960 2580 1063 2659 impc-

54 2677 210 2730 iratorum
223 2675 286 2728 nou
300 2666 407 2744 trusam
427 2687 523 2746 quum
536 2667 585 2726 illi
593 2664 781 2726 ‚sanctissimi
793 2665 856 2726 viri
870 2666 999 2737 suerint3
1014 2684 1063 2723 ae·

55 2773 118 2834 que
139 2763 241 2814 summ
261 2752 346 2812 udas
368 2753 409 2814 sit
429 2754 490 2812 tale
510 2752 625 2831 aliquid
645 2761 676 2810 et
690 2751 789 2812 facere
803 2762 941 2830 rogatum
955 2761 987 2810 et
1003 2770 1062 2810 ro-

54 2838 150 2919 garc‘l
193 2838 234 2899 At
254 2857 328 2900 vero
349 2838 396 2898 Ti.
419 2837 591 2898 Gracchum
612 2837 811 2915 sequebantur
838 2837 870 2898 G.
896 2837 1009 2912 Carbo,
1028 2835 1063 2893 G.

55 2926 193 3002 Cstcsct
200 2923 323 2984 minime
336 2932 409 2984 tanc
426 2919 547 3004 quidetn
564 2923 652 2982 Caius
665 2923 770 3000 irater,
786 2943 870 2984 nunc
887 2923 968 2984 idem
982 2941 1064 2980 acer·

54 3010 162 3072 nnus.
204 3009 272 3072 xli.
301 3013 354 3075 40·
382 3008 462 3072 Haec
492 3005 585 3088 igitur
609 3010 662 3068 lex
680 3008 713 3068 iu
742 3009 872 3070 amicitia
899 3007 1063 3086 sanciatur,

54 3105 94 3158 nt
107 3095 206 3176 nique
219 3113 359 3174 rogemus
376 3115 426 3156 res
443 3105 548 3175 turpes
569 3116 626 3156 nec
642 3089 788 3155 siciamus
802 3095 908 3173 rogati
951 3093 1062 3175 Turpis

55 3181 140 3252 enim
162 3179 316 3242 exornatio
338 3187 383 3242 est
404 3191 434 3240 et
452 3181 576 3240 minima
590 3180 765 3260 accipienda
786 3201 880 3260 quum
902 3181 935 3239 iu
954 3177 1062 3248 ceteris

54 3265 201 3348 peccatis,
220 3275 287 3326 tum
307 3265 413 3346 siquis
435 3276 539 3328 eontra
555 3265 787 3346 rempublicam
802 3287 835 3324 se
853 3265 942 3326 amici
956 3283 1061 3324 caussa

53 3352 165 3415 fecisse
185 3354 325 3415 fateamur.
367 3351 487 3412 Etenim
508 3373 542 3436 eo
564 3353 646 3430 loco,
666 3352 765 3412 Fanni
784 3360 815 3411 et
831 3352 986 3429 Scaevola,
1007 3351 1061 3410 lo·

54 3439 116 3500 cati
133 3457 247 3516 sumus,
259 3447 296 3498 ut
312 3457 369 3496 nos
388 3437 476 3516 longe
492 3438 666 3518 prospicere
681 3447 819 3516 oporteat
838 3438 956 3496 futuros
972 3456 1061 3496 casus

52 3523 280 3606 reipublicae-
308 3521 438 3584 Deflexit
457 3522 524 3582 iam
539 3523 761 3604 aliquantulum
775 3522 814 3583 de
833 3522 932 3603 spatio
953 3523 1073 3591 curri-¹
