2334 3934
64 147 69 156 '
135 157 180 229 to
380 111 909 224 *cicrnoursurn'rrus'

118 287 182 377 ἰιι
196 335 260 375 ιιοιι
278 254 360 378 idem
378 271 545 399 expediret,
566 315 702 376 incidere
724 336 827 416 saep-e3
848 315 911 403 uel,
926 322 963 375 ut
976 313 1015 375 de
1027 332 1064 374 re
1079 334 1145 395 pu·

48 461 52 474 ,
136 397 218 461 blica
238 421 300 461 non
318 403 399 463 idem
419 404 598 463 sentiretur.
623 402 737 464 mutari
757 404 846 462 etiam
862 418 960 461 mores
977 399 1147 461 honrinum

37 550 52 576 ν
125 507 227 569 ¹saepe
244 487 378 566 dicebat,
401 487 474 548 alias
493 489 628 548 aduersis
646 488 744 562 rebus,
767 487 839 547 elias
863 496 959 547 aetate
989 487 1145 564 ingrave-

107 649 112 655 =
135 582 247 633 scente
269 573 367 651 Atque
384 594 486 633 earum
504 594 606 634 rerum
622 574 794 653 exemplum
811 592 850 631 ex
868 568 1072 631 similitudine
1088 592 1144 630 ca-

135 658 239 738 piebat
251 657 383 717 ineuntis
397 657 511 730 aetatis,
524 660 607 738 quod
616 658 1040 738 ‘summipuerorumemores
1054 676 1144 736 saepe

134 763 197 802 una
218 764 287 802 cum
301 752 459 825 praetexta
475 754 677 827 ponerentur;
706 744 759 809 34.
782 743 943 803 sinautem
966 743 1004 802 sd
1034 742 1143 801 adole-

126 829 281 890 scentiam
295 830 519 909 perduxissent,
540 828 643 889 dirimi
657 838 757 887 tamen
776 828 928 889 interdum
943 827 1144 888 contentione

120 914 186 975 ·vel
205 915 332 975 uxorium
352 915 534 975 conditionis
553 914 609 975 vel
626 912 777 975 commodi
796 914 934 989 alicuius,
956 912 1041 993 quod
1060 912 1144 973 idem

120 987 264 1079 ‘adipisci
278 1010 403 1080 uterque
418 1021 479 1059 non
492 1008 605 1081 posset.
649 998 782 1073 Quod
759 1019 784 1057 ιι
804 1000 857 1079 qui
874 998 1017 1077 longius
1007 1017 1041 1057 ιιι
1063 999 1143 1057 ami·

75 1109 79 1116 ¹
120 1085 209 1145 'citia
229 1088 367 1165 provecti
384 1095 491 1160 essent,
513 1094 616 1145 tamen
631 1105 719 1165 saepe
737 1083 967 1161 labefactari,
944 1106 970 1143 ιι
988 1084 1023 1142 in
1039 1082 1142 1143 hono-

77 1241 88 1249 ·
135 1171 179 1231 ris
196 1172 424 1231 contentionem
442 1161 639 1230 incidissent:
670 1179 784 1249 pestem
806 1170 886 1230 enim
894 1171 1055 1228 maiorem
1079 1190 1143 1231 esse

135 1256 261 1334 nullam=
279 1256 433 1331 amicitiis,
463 1275 552 1334 quam
575 1256 615 1315 in'
631 1254 782 1335 plerisque
811 1254 957 1335 pecuniae
982 1254 1143 1335 cupidita-

137 1341 211 1418 tem,
231 1340 264 1399 in
280 1341 402 1420 optimis
418 1341 588 1421 quibusque
603 1338 730 1399 honoris
745 1349 895 1399 certamen
908 1348 938 1399 et
953 1340 1085 1419 gloriae:
1105 1360 1143 1399 ex

83 1443 86 1449 “
140 1446 201 1505 quo
217 1426 389 1487 inimicitias
407 1428 552 1485 maximas
564 1446 652 1507 saepe
665 1426 747 1489 inter
766 1425 962 1487 amicissimos
978 1424 1140 1490 exstitisse.

99 1519 102 1524 ’
135 1512 190 1577 35.
211 1512 318 1591 Magna
337 1514 427 1571 etiam
446 1511 571 1571 dissidia
591 1520 620 1569 et
635 1512 815 1593 plerumque
831 1512 911 1585 iusta
930 1512 1030 1587 uesci,
1046 1530 1141 1591 quum

136 1596 253 1677 aliquid
274 1599 312 1657 ab
338 1596 456 1676 amicis,
486 1595 568 1676 quod
587 1604 705 1654 rectum
725 1616 789 1654 non
810 1604 896 1675 esset,
916 1596 1139 1676 postularetur:

79 1745 84 1759 ,
135 1690 172 1741 ut
194 1690 248 1741 eut
261 1683 396 1743 libidinis
410 1680 547 1741 'ministri
565 1688 618 1739 eut
635 1680 789 1745 adiutores
811 1690 910 1742 essent
926 1680 965 1740 acl
986 1681 1139 1744 iniuriam.

127 1766 229 1841 Quod
249 1769 302 1847 qui
314 1776 500 1842 recusarent,
523 1766 660 1845 quamvis
683 1765 809 1827 honeste
823 1766 856 1827 id
872 1767 1080 1843 fecerent,1us
1093 1776 1140 1826 ta·

137 1873 207 1922 meu
229 1854 377 1915 amicitiae
393 1853 530 1913 deserere
543 1862 745 1931 arguerentur
760 1850 836 1911 ιδ’·
815 1874 862 1952 ns,
886 1852 994 1933 quibus
1016 1852 1140 1945 obsequi

119 1937 272 1999 'nollent‘
288 1939 357 2001 illos
382 1948 495 2016 eutem,
525 1937 581 2018 qui
599 1937 721 2019 quidvis
743 1938 779 1997 ab
800 1938 897 1999 emico
920 1938 1068 2011 cuderent
1083 1958 1140 2019 po-

136 2026 260 2104 ululare,
283 2024 517 2108 postulatione
506 2045 576 2107 rpsa
594 2023 748 2126 profiteri,
772 2024 872 2088 omnia
890 2046 921 2087 se
936 2023 1025 2085 amici
1037 2044 1141 2085 caussa

136 2112 282 2173 facturos.
325 2114 438 2173 Eorum
460 2115 582 2193 querela
602 2114 782 2181 inveteratus
799 2132 863 2172 non
877 2111 967 2171 modo
986 2109 1142 2170 familiari·

116 2201 214 2259 'tates
236 2198 388 2297 exstingui
409 2199 521 2275 solere,
540 2198 605 2258 sed
631 2199 720 2259 etiam
750 2197 819 2257 odiu
846 2196 930 2296 gigni
950 2195 1140 2277 sempiterna.

82 2356 92 2369 ι
137 2283 220 2345 Haec
241 2285 285 2343 ita
305 2286 401 2345 multo
423 2284 509 2365 quasi
530 2284 592 2342 fata
613 2284 788 2363 impendere
808 2283 994 2359 ιιιιίοἰιίἱις
987 2288 1050 2341 ut
1045 2281 1141 2349 omnia

122 2369 344 2449 subterfugere
369 2392 433 2431 non
463 2368 554 2429 modo
584 2369 761 2470 sapientire,
790 2369 844 2433 sed
871 2368 961 2431 etiam
970 2348 1141 2428 felicitatis

103 2494 113 2501 ·-
138 2455 253 2516 diceret
272 2456 330 2516 sibi
351 2455 458 2517 videri.
635 2470 637 2476 ’

224 2542 278 2602 xl.
300 2547 351 2607 86.
374 2540 578 2640 Quamobrem
599 2539 632 2599 id
655 2538 789 2619 primum
810 2535 1017 2613 videmnus,
993 2558 1019 2597 ιι
1034 2537 1141 2618 placet,

140 2634 291 2705 qnatenus
308 2647 392 2686 amor
405 2628 439 2685 in
455 2624 589 2684 amicitia
603 2624 744 2704 progredi
761 2623 876 2687 debeat.
920 2625 1011 2701 Num,
1034 2624 1060 2683 si
1085 2624 1141 2682 Co-

128 2710 276 2771 riolanus
296 2710 402 2771 habuit
419 2710 543 2789 amicos,
559 2712 638 2771 ferre
653 2712 758 2771 contre
774 2702 900 2787 patriam
914 2729 997 2771 arma
1013 2708 1063 2767 illi
1077 2728 1142 2768 cum

140 2796 303 2857 Coriolano
321 2797 525 2857 'debu‘eruntl
574 2798 654 2857 Num
682 2795 879 2857 Viscellinum
904 2793 993 2854 amici
1019 2814 1142 2873 regnum

140 2880 349 2966 appetentem,
382 2902 456 2941 uum
484 2886 535 2965 Sp.
557 2883 698 2942 Maelium
723 2880 889 2940 debuerunt
914 2880 1050 2941 iuvere?
1096 2885 1143 2944 57

81 3024 88 3031 .
140 2967 187 3026 Ti.
203 2968 321 3047 quidem
336 2967 506 3028 Gracchum
526 2986 590 3027 rem
605 2967 760 3046 publicem
774 2976 934 3027 vexantem
954 2966 1029 3040 aQ.
1045 2966 1143 3026 Tube·

141 3073 218 3113 rone
235 3054 470 3133 aequalibusque
490 3053 595 3111 amicis
616 3052 792 3111 derelictum
813 3044 1001 3113 videbamus.
1047 3053 1091 3112 At
1112 3051 1141 3109 C

140 3138 278 3199 Blossius
292 3140 450 3210 Cumanus,
464 3136 576 3217 hospes
591 3136 720 3197 familiae
735 3145 862 3212 vestrae,
880 3138 1036 3212 Scaevola,
1053 3154 1141 3217 quum

140 3223 181 3298 ad
196 3245 261 3301 me,
279 3246 332 3303 qur
323 3224 472 3285 aderam
488 3223 618 3282 Laenati·
629 3231 659 3281 et
679 3220 802 3301 Rupilio
823 3222 1027 3301 consulibus'
1018 3240 1051 3285 ιιι
1068 3242 1142 3281 con-

140 3307 220 3378 silio,
242 3309 436 3386 deprecatum
453 3310 594 3386 venisset,
612 3308 702 3384 hanc,
727 3315 760 3364 ut
774 3306 831 3365 sibi
845 3303 1041 3385 ignoscerem,
1058 3327 1140 3367 caus-

142 3412 206 3449 sam
227 3392 378 3465 afferebat,
400 3393 483 3472 quod
500 3394 577 3451 tanti
592 3394 638 3452 Ti.
657 3390 828 3451 Gracchum
843 3392 973 3467 fecisset,
991 3402 1036 3468 ut,
1054 3392 1139 3474 quid·

143 3475 217 3553 quid
243 3476 297 3538 ille
324 3478 435 3556 vellet,
472 3477 530 3539 sibi
565 3478 738 3538 laciendum
771 3482 904 3556 putaret.
946 3477 1039 3539 ‘Tum
1073 3497 1139 3557 ego:

469 3745 494 3795 ’0
