2334 3934
122 140 147 230 a
284 182 288 189 ·
330 105 917 247 c1crnonrscsron-s1.on
971 257 979 265 ῃ

123 312 347 399 patriaegloria
362 315 552 395 splendorem
573 322 762 375 saccutum:
789 335 844 373 nec
857 313 994 389 hercule,
1016 310 1133 393 inquit,

98 415 100 420 ’
124 405 155 459 si
168 423 222 482 ego
234 401 395 481 Seriphius
409 400 658 477 communiuit,
676 397 729 459 nec
741 412 795 477 tu,
815 403 847 459 ai
861 399 1062 461 Atheniensis
1081 421 1134 457 es·-
1153 388 1154 423 ³

123 508 180 561 ser,
200 488 307 545 clarus
322 484 607 567 umquamfr'siasae.
652 486 742 565 Quod
755 485 858 571 eodem
874 484 965 545 modo
979 485 1016 544 de
1035 504 1133 545 sene·

19 599 23 609 ·
123 580 209 632 utute
227 572 289 632 diei
305 564 417 651 potestss
466 572 529 631 Nec
547 572 628 631 enim
649 572 683 630 in
705 591 821 631 summa
841 570 944 651 inopia
967 570 1045 645 lenis
1066 590 1155 645 esse,

87 696 91 702 ι
123 666 262 717 senectus
278 666 388 737 potest,
409 654 448 715 ne
467 658 597 739 sapienti
615 656 750 736 quidemr
781 676 838 717 neo
860 648 1017 736 insipienti
1040 654 1155 731 etiam)

89 743 160 816 (ἡ
179 752 294 803 sumum
319 742 405 822 copia
422 762 484 801 non
504 742 612 821 gravis
661 748 691 809 9.
713 740 876 822 Aptissima
898 741 1020 801 omnino
1047 751 1156 845 sunt,

75 868 82 873 -
124 828 283 907 Scipioet
301 826 402 905 Laeli,
440 848 521 889 arma
539 828 704 888 senectutis
725 830 810 888 ‘artes
837 827 1134 906 exercitationesque
1155 854 1156 897 t

122 914 285 989 virtutum,
307 934 395 993 qnae,
415 912 449 973 in
467 913 548 973 omni
562 921 657 971 aetate
670 914 781 990 cultae,
803 932 898 995 quum
912 912 966 972 diss
980 912 1135 973 maltum·
1155 924 1156 977 ξ

124 1018 184 1079 qne
202 998 335 1076 vixeris,
370 996 515 1068 mirificos
541 997 671 1062 efferunt
693 998 824 1075 fructus,
858 1018 922 1057 non
941 996 1042 1063 solinu
1061 998 1136 1075 quia

119 1097 289 1163 numquam
303 1082 461 1159 deserunt,
483 1102 522 1141 ne
535 1092 671 1143 extremo
686 1084 807 1161 quidem
821 1092 957 1163 tempore
971 1082 1136 1161 aetatis,—

121 1170 307 1253 'quamquam
323 1168 358 1227 id
369 1168 491 1246 quidem
504 1168 670 1229 maximum
685 1178 738 1241 est,
752 1200 797 1215 -·
808 1188 913 1228 verum
927 1167 1031 1243 etiarn,
1060 1170 1134 1249 quia

123 1254 309 1316 conscientia
328 1253 407 1312 bene
427 1261 510 1314 actae
536 1252 617 1313 ritae
648 1254 874 1332 multorumque
901 1253 1135 1313 benefactorum

124 1338 294 1401 recordatio
313 1337 529 1399 iucundissima
553 1346 608 1399 est.
667 1337 716 1397 lv.
743 1344 792 1405 10.
816 1340 876 1417 Ego
896 1338 935 1411 Q.
953 1338 1158 1455 Maximnm,p

124 1446 212 1501 eum,
239 1422 296 1504 qui,
304 1424 470 1483 Tarentum
489 1421 623 1503 recepit,
654 1422 826 1486 adolescens
846 1425 890 1482 ita
905 1422 996 1482 dilexi
1016 1444 1135 1501 senem,
1157 1468 1158 1475 κ

117 1520 162 1588 ut
174 1511 337 1590 aequalem.
380 1508 453 1569 Erat
466 1507 596 1569 enimin
610 1506 664 1575 illo
681 1508 748 1597 piro
762 1510 905 1569 comitate
922 1508 1047 1587 oonfflta
1061 1530 1136 1588 gra·
1157 1520 1158 1525 ’

122 1596 224 1669 ritas,
252 1614 310 1655 neo
333 1602 471 1654 maestus
490 1612 590 1655 mores
614 1599 796 1656 mutaverat.
846 1593 1035 1673 Quamquam
1062 1616 1136 1655 eum

83 1722 87 1727 -
127 1680 226 1741 colere
240 1678 403 1760 coepinon
418 1678 579 1739 admodum
598 1678 741 1755 grandem
764 1688 854 1753 nata,
889 1678 941 1738 sed
955 1680 1136 1739 ismeniam

52 1840 62 1846 ι
124 1775 222 1825 aetate
235 1773 424 1847 protectum.
468 1764 558 1824 Anno
574 1763 652 1821 enim
666 1774 736 1844 post
752 1763 858 1824 consul
872 1764 1002 1844 primum
1018 1764 1136 1843 fuerat,
1158 1774 1159 1787 ¹

126 1869 217 1932 quana
233 1871 286 1929 ego
299 1859 389 1909 natus
403 1869 486 1914 suma
517 1868 648 1928 cumque
673 1870 707 1908 eo
726 1858 866 1928 quartum
889 1850 1012 1909 consule
1026 1850 1137 1911 adole·

126 1935 379 1997 scentulusmiles
395 1934 435 1993 ad
447 1935 578 2014 Capuam
597 1932 841 2015 profectuosum,
868 1933 1033 2014 quintoque
1052 1957 1136 1997 anno

125 2020 251 2108 posted
268 2021 441 2081 Tarentum.
485 2019 635 2093 Quaestor
651 2019 759 2079 deinde
778 2018 974 2098 quadriennio
991 2030 1064 2099 post
1086 2024 1137 2081 sa·

20 2122 25 2129 ‘
58 2138 60 2142 .
126 2117 193 2168 etus
210 2126 297 2184 sum,
324 2124 417 2185 quem
428 2105 636 2183 magistratum
660 2104 735 2185 gessi
750 2104 927 2165 oonsulibus
937 2097 1095 2166 Tuditano
1110 2118 1139 2168 et

127 2192 267 2274 Cethego,
288 2210 382 2272 quum
395 2190 517 2276 quidem
528 2190 598 2264 ille,
622 2190 785 2250 admodum
801 2210 907 2266 senex,
938 2210 1046 2251 suasor
1060 2192 1138 2272 legis

127 2282 248 2343 Cinciae
264 2279 304 2342 de
315 2276 409 2339 ‘donis
421 2285 455 2337 et
470 2276 645 2337 muneribus
664 2275 734 2335 fuis·
779 2275 837 2335 Hie
852 2285 881 2334 et
897 2270 979 2335 bella
1000 2276 1138 2355 gerebat,

127 2367 359 2443 ntndolesrans,
379 2384 474 2445 quum
488 2363 577 2445 plane
595 2360 716 2441 grandis
731 2371 823 2436 esset,
847 2370 876 2419 et
890 2360 1069 2421 Annibalem
1085 2364 1139 2424 iu-

128 2442 483 2538 Jeniliter'ersultantem
497 2448 641 2531 patientia
657 2467 711 2509 sua
720 2445 894 2509 molliebat:
919 2446 1029 2527 dequo
1041 2468 1140 2531 prae-

129 2540 210 2600 clare
227 2537 381 2598 familiaris
397 2543 499 2595 noster
514 2534 645 2595 Ennius:

220 2624 308 2683 Unus
327 2622 418 2683 tomo
437 2620 527 2680 nobie
547 2615 722 2678 cunctando
742 2618 879 2676 restituit
893 2636 965 2675 rem.

113 2755 117 2764 .
215 2711 288 2772 Non
307 2710 387 2769 enim
407 2726 545 2766 rancores
559 2704 697 2785 ponebat
720 2714 790 2769 ante
811 2704 953 2764 salutem.
1006 2724 1007 2731 ¹

177 2855 181 2866 ,
214 2799 299 2873 Euge
314 2803 446 2873 postque
466 2794 627 2872 magisque
647 2792 710 2852 uiri
733 2811 816 2849 nunc
834 2790 941 2869 gloria
962 2782 1071 2842 claret.

131 2882 182 2945 11.
203 2880 368 2939 Tarentum
388 2897 461 2937 vero
485 2898 543 2955 qua
567 2876 740 2957 vigilantis,
775 2896 833 2955 quo
851 2871 979 2933 ¹consilio
1000 2870 1142 2949 recepit!

130 2984 224 3043 quum
239 2962 369 3044 quidem,
391 2962 599 3038 meandiente,
619 2960 792 3031 Salinatori,
829 2960 879 3047 qni
895 2958 1003 3025 amisso
1018 2958 1143 3035 oppido

128 3051 246 3127 fugerat
256 3048 290 3107 in
304 3067 413 3123 arcem,
434 3046 577 3124 glorianti
591 3048 728 3125 atqueita
739 3046 867 3107 dicentia
889 3046 959 3105 Mea
976 3062 1084 3120 opera,
1111 3045 1144 3120 Q.

128 3135 221 3206 Fabi,
236 3140 400 3197 Tarentum
406 3133 563 3211 recepisti:
577 3166 596 3208 ,-‚
602 3131 694 3208 Certe,
705 3130 805 3211 inquit
812 3131 931 3191 ridens:
944 3148 1017 3189 num
1028 3129 1104 3185 niet
1112 3141 1145 3185 tu

127 3221 303 3297 amisisses,
339 3237 514 3297 numquam
532 3219 747 3297 recepissem.“
806 3210 868 3277 Nee
891 3234 965 3275 vero
990 3213 1022 3270 in
1044 3214 1145 3273 mmia

130 3303 340 3387 praestantior,
361 3323 453 3401 guam
465 3303 499 3362 in
514 3312 599 3380 toga;
621 3302 671 3383 qui
690 3301 798 3363 consul
811 3293 935 3376 iterum,
957 3300 1009 3377 sp.
1027 3296 1146 3359 Carvi-

130 3390 174 3448 lio
189 3391 304 3468 collega
318 3396 507 3468 amoenante,
546 3388 580 3449 G.
594 3387 742 3448 Flaminia
759 3386 885 3448 tribuno
908 3383 1005 3467 plebis
1032 3384 1147 3461 quoad

69 3508 78 3521 x
131 3475 233 3557 potuit
251 3473 376 3551 restitit,
407 3492 513 3553 agrum
527 3473 670 3539 Picenum
684 3482 714 3535 et
729 3474 879 3549 Gallicum
898 3468 1147 3534 viritimcontra
