2334 3934
218 145 220 152 ’
255 137 872 279 nrsuror'rrscsnassrjs.'
924 222 931 236 .
972 166 1047 263 „er

28 331 171 395 maxime
187 331 406 415 reprehendere
422 331 523 417 Scipio
537 326 857 428 solitusp’t‚edi1sro.
898 319 1048 420 Negabat,-
1090 410 1094 417 μ
1145 403 1149 409 ,

28 419 134 480 ullam
154 440 260 482 vocem
275 421 477 484 inimiciorem
491 421 638 482 amicitiae
656 421 790 503 potuim
801 419 940 502 reperiri,
953 428 1045 505 quarn*
1101 424 1104 435 ’

28 505 112 578 eius,
129 505 184 586 qui
199 507 335 584 dixisset,
350 508 393 566 ita
413 510 513 568 amare
528 516 679 589 oportere,
697 515 734 566 ut
749 508 775 568 si
788 505 1045 586 aliquantasper
1088 520 1093 529 '

29 609 164 650 osurnsr
187 612 241 652 nec
257 611 330 664 vero
347 613 378 653 se
400 593 512 654 adduci
526 608 623 678 posse,
644 590 769 669 nt1hoo,
789 586 1044 672 quemadmodum
1086 592 1088 595 ’

25 684 215 756 putaretur,
237 698 254 737 a
275 677 384 740 Biante
405 679 522 740 dictum
542 679 689 753 crederet,
709 678 762 757 qui
782 662 901 758 sapiens
920 673 1043 754 habitus

29 771 114 824 esset
136 782 252 824 unuse
275 771 403 844 septem:
431 759 545 846 impuri
571 763 728 824 cniusdam
745 773 798 824 aut
818 761 967 824 ambitiosi
989 771 1045 824 ant
1113 782 1117 791 “

29 848 138 906 omnia
152 848 189 907 ad
205 867 289 912 sumn
305 849 470 930 potentiam
481 849 652 910 revocantis
666 867 730 909 esse
742 849 931 912 sententiam.
954 847 1045 923 Quo·

2 953 104 992 ‘nam
136 933 217 993 enim
245 933 335 994 modo
366 935 526 1016 quisquam
556 935 669 996 amicus
698 933 911 1015 conspueris,
940 935 990 994 cui
1011 951 1045 995 ss

28 1017 158 1099 putabit
175 1019 330 1091 inimicum
346 1039 408 1080 esse
421 1019 532 1101 posset
576 1021 659 1097 Quin
672 1020 762 1081 mam
775 1036 896 1081 neceam
908 1018 967 1079 erit
983 1037 1044 1083 cn·

29 1123 107 1185 pere
134 1112 165 1163 et
185 1114 306 1186 optare,
329 1115 374 1173 'ut
392 1126 484 1184 quam
502 1105 674 1188 saepissime
692 1115 798 1185 peccet
819 1105 952 1180 amicus,
980 1124 1044 1186 quo
1102 1128 1131 1157 ’κ
1160 1124 1163 1137 ’

29 1190 141 1271 plures
158 1191 210 1250 det
221 1191 278 1252 sibi
291 1199 445 1270 tamquam
459 1212 545 1252 enses
559 1191 598 1252 ad
609 1191 906 1273 reprehendendum:
920 1209 1043 1253 rursum

30 1285 139 1336 autent
153 1275 337 1336 malefactis
351 1277 575 1356 commodisque
595 1275 978 1361 amicorumangi‚.dolera,
989 1275 1044 1334 in-

11 1359 150 1421 ridere.
194 1365 244 1428 60.
268 1363 370 1436 Quare
384 1361 443 1422 hoc
457 1363 579 1443 quidem
595 1383 667 1444 prae
723 1372 803 1441 tum,
823 1361 1043 1441 cuiuscumque
1143 1376 1165 1406 θ

30 1456 89 1525 est,
106 1447 154 1505 nd'
163 1446 328 1522 tollendam
341 1445 503 1507 amicitiam
517 1449 607 1528 ¹valet.
637 1383 723 1509 ulid
729 1450 831 1528 potius
843 1446 1044 1530 praecipien-

30 1531 107 1592 dum
120 1529 193 1608 fnit,
206 1541 242 1592 ut
258 1540 322 1614 eam
334 1531 521 1612 diligentiam
536 1532 790 1595 adhiberemusin
804 1531 946 1594 amicitiis
961 1532 1044 1591 com·
1099 1552 1100 1557 ¹

30 1617 197 1700 parandis,
226 1627 263 1678 ut
284 1637 323 1678 ne
344 1618 466 1698 quando
491 1639 591 1680 amare
615 1618 815 1702 inciperemus
838 1639 922 1696 eum,
952 1635 1043 1698 quem
1086 1628 1089 1631 ’

30 1703 203 1784 aliquando
222 1702 319 1763 odisse
341 1723 508 1782 possemus.
553 1705 637 1778 Quin
660 1704 796 1766 etiamsi
818 1705 918 1766 mium
939 1703 1043 1773 felices
1121 1700 1123 1705 ’
1148 1708 1160 1717 “

30 1791 63 1848 in
89 1788 619 1867 deligendo.fuissemuspferendum
639 1790 671 1850 id
692 1791 794 1872 Scipio
816 1791 940 1872 potins..
953 1808 1043 1868 quam
1125 1811 1151 1871 Δ·

30 1874 265 1938 inimicitiarum
286 1882 404 1954 tempus
419 1874 766 1959 cogitandumputabat.
788 1875 889 1938 XVII.
913 1877 964 1943 61.
987 1871 1042 1934 flia

31 1963 130 2040 igitur
152 1951 431 2020 finibus‘utendum
446 1961 586 2040 arbitror,
598 1971 641 2030 nt,
664 1968 757 2042 qnum
772 1956 924 2021 emendati
942 1976 1041 2046 mores

32 2045 289 2120 amicorum-sint,
311 2054 378 2104 tum
393 2046 433 2106 sit
445 2046 525 2106 inter
541 2067 592 2107 eos
608 2049 746 2108 omnium
760 2064 873 2116 rarum,
892 2043 1043 2105 consilio-

31 2154 123 2207 rum,
142 2131 345 2192 ‘voluntatum‘
374 2131 439 2190 aine
468 2131 532 2192 ulla
556 2133 733 2213 exceptione
760 2131 975 2210 communitam
991 2137 1042 2190 nt
1111 2165 1116 2171 .

32 2221 137 2297 etiam,
161 2210 186 2276 si
207 2237 263 2296 qua
280 2217 401 2276 mrtuna
418 2216 570 2293 acciderit,
593 2228 630 2278 ut
641 2214 852 2295 minusiustae
875 2215 1042 2278 amicorum

32 2305 209 2363 voluntates
229 2301 418 2363 adiuvandae
440 2301 517 2379 siut,
546 2303 580 2364 in
603 2303 716 2384 'quibus
740 2322 845 2379 eorum
871 2310 925 2363 aut
948 2310 1043 2381 caput

32 2396 143 2468 agatur
156 2396 214 2455 aut
228 2388 317 2463 farne,
334 2387 545 2448 declinandum
568 2389 609 2448 sit
624 2389 662 2450 de
679 2391 739 2466 via,
755 2390 847 2450 modo
865 2405 904 2448 na
924 2405 1043 2448 samma

30 2473 197 2556 turpitudo
232 2470 382 2551 aequaturi
433 2473 488 2534 Est
520 2475 598 2532 enirn
627 2484 774 2554 quatenus
801 2473 949 2537 amicitiae
971 2470 1043 2531 'dari
1083 2522 1088 2530 ,
1115 2498 1120 2513 ¹

31 2562 129 2628 venia
143 2558 248 2639 possit.
291 2557 439 2618 Nsc=vero
455 2557 631 2637 negligenda
646 2569 692 2621 est
706 2553 801 2636 iama3
818 2555 874 2620 nee
890 2557 1043 2618 mediocre
1067 2592 1070 2597 ,
1159 2602 1163 2606 -

32 2647 134 2707 telum
153 2644 200 2702 acl
222 2662 270 2702 res
297 2643 441 2721 gerendas
464 2644 637 2706 'existimare
660 2655 780 2726 oportet
799 2641 1043 2708 benevolentiam

33 2732 167 2790 civium:
189 2748 281 2808 quam
300 2728 456 2812 blanditiis
475 2739 505 2788 et
525 2731 705 2790 assentando
726 2732 865 2809 colligere
885 2738 975 2809 turpe
987 2737 1041 2790 est.

32 2817 151 2889 Virtus,
174 2829 262 2894 quam
275 2815 419 2893 ,seqnitur
439 2814 555 2884 cantas,
573 2811 696 2894 minime
713 2815 901 2898 repudianda
922 2822 997 2878 ast.¹

124 2906 176 2967 62.
211 2900 271 2960 Sed
294 2920 380 2983 saepe
400 2931 443 2946 -
463 2899 553 2960 redeo
577 2900 659 2960 enim
681 2903 719 2963 ad
739 2903 934 2982 Scipionem‚·
955 2899 1041 2964 cuius
1074 2936 1077 2948 ·

33 2985 136 3048 omanis
155 3005 254 3045 sermo
273 2996 337 3046 erat
352 2986 393 3051 de
411 2984 543 3044 einicitia
559 3017 604 3058 .-·
623 2989 816 3067 querebatur,
837 2987 920 3068 quod
939 2985 1042 3069 omni·-

32 3073 91 3132 bus
113 3071 147 3130 in
167 3071 258 3132 rebus
278 3071 416 3133 homines
435 3071 640 3150 diligentiores
659 3069 771 3134 essents
793 3093 898 3153 capras
917 3081 948 3130 et
968 3087 1042 3128 oves
1097 3115 1101 3121 .

34 3166 113 3237 quot
131 3157 262 3237 quisque
282 3155 538 3238 heberetpdicere
557 3177 660 3238 posse:
681 3160 793 3218 amicos
809 3168 887 3238 quot
907 3156 1041 3229 haberat,
1078 3181 1087 3191 ⁸

32 3263 100 3304 non
118 3263 207 3324 posse
217 3242 343 3325 'diceres'
366 3251 395 3302 et
408 3242 517 3318 inillis
534 3243 656 3322 quidem
671 3241 813 3325 parandis
828 3241 970 3302 adhibere
984 3259 1043 3303 cu-

33 3349 114 3400 ram,
134 3328 169 3387 in
185 3326 450 3407 amicis·eligendis
465 3329 648 3407 negligentes
659 3349 730 3390 esse
750 3347 808 3390 nec
825 3327 937 3387 habere
956 3323 1044 3407 quasi

35 3416 122 3493 signa
137 3413 284 3493 quaedam
307 3421 336 3473 et
357 3420 453 3488 notas,
475 3413 586 3492 quibus
608 3434 668 3490 eos,
688 3414 741 3494 qui
755 3415 794 3475 ad
815 3412 976 3473 amicitiam
992 3429 1064 3470 eam

35 3501 104 3578 sent
117 3498 230 3576 idonei,
244 3497 425 3568 iudicarent,
448 3499 525 3560 Sunt
538 3499 632 3581 igitur
649 3499 729 3587 firmi
741 3498 908 3563 cessabitur
924 3507 954 3560 et
971 3515 1043 3556 con·
