2334 3934
368 155 519 320 alut
556 160 659 271 ιιι.
684 214 714 276 1.
865 254 870 265 ,
938 196 1077 275 ,ιιΙ
1138 228 1144 249 =

26 372 88 436 est,
109 362 141 421 ιιι
163 362 274 439 forum,
296 362 391 423 etita
416 360 486 439 dici,
510 372 545 423 ut
565 362 782 443 probarentur,
805 382 844 423 an
862 360 921 425 alia
941 384 1036 461 quae·
1111 357 1112 365 ’

27 405 100 507 daria
120 457 198 508 esset
215 410 345 521 erudita,
367 448 425 507 alia
438 449 598 550 popularia
611 450 725 510 oratioe
743 468 842 528 eoque
857 449 964 529 scripu
957 450 1032 509 lu-

25 532 162 610 bentius,
184 532 269 612 quod
290 532 374 593 milii
384 534 452 609 ista,
474 528 633 621 ansedelega
654 554 729 615 quae
751 535 914 637 appellant,
932 534 1035 597 maxi-

26 640 78 677 me
94 620 241 679 videntur
257 639 321 679 ease
337 619 492 679 Socratica
513 608 682 699 longeque
669 619 844 697 verissima.
889 621 919 685 5.
942 620 1034 679 Acci·
1077 692 1083 699 ⁸

26 706 91 784 pies
116 704 210 783 igitur
232 704 294 768 hoc
321 723 452 786 parvum
467 705 682 804 opuseulum,
694 706 886 793 lucubratum
907 704 983 764 his'
974 706 1034 765 sam
1064 727 1069 733 ·
1155 758 1156 769 .

28 788 285 851 contractioribus
301 790 454 851 noctibus:
448 792 624 870 quoniam
646 792 745 851 illud'
749 783 898 854 maiorum
915 790 1035 869 vigilia·

26 896 99 934 rum
118 895 231 936 munus
246 876 281 936 in
281 880 358 936 tuo
380 877 503 936 nomine
525 876 684 957 apparuit:
707 886 738 937 et
756 874 925 975 degustabis
940 896 1034 957 genua

26 962 88 1019 hoo
112 960 367 1021 exercitationum
383 981 498 1036 earum,
521 964 629 1067 quibus
641 962 687 1021 uti
703 963 861 1038 consuevi,
878 982 972 1041 quum
988 980 1032 1038 ea,

27 1067 105 1125 quae
126 1047 296 1113 dicuntur
286 1068 320 1107 ιιι
335 1046 447 1107 scholia
463 1042 582 1125 θιτικιι,
605 1048 644 1107 ad
660 1058 798 1136 nostrum
819 1047 880 1107 hoe
902 1048 1034 1113 oratori-

26 1149 79 1191 um
92 1134 251 1193 transfero
267 1132 389 1209 dicendi
409 1153 511 1211 genua.
533 1130 601 1196 Hoc
615 1144 716 1193 tamen
734 1154 810 1215 opus
825 1134 857 1193 in
873 1144 1033 1232 acceptum

26 1227 60 1276 ut
75 1213 202 1293 referas,
223 1219 302 1277 nihil
318 1218 451 1299 postulo.
495 1219 565 1279 Non
590 1228 635 1279 est
653 1222 742 1297 enim,
765 1229 801 1281 ut
821 1220 855 1279 in
872 1238 940 1279 arce
959 1218 1049 1300 poni
1135 1268 1142 1283 .

26 1305 133 1382 possit,
160 1304 244 1382 quasi
260 1304 317 1363 illa
329 1305 470 1395 Minerva
493 1304 633 1379 Phidiam
654 1306 707 1365 sed
725 1315 841 1408 tamen,
863 1315 898 1367 ut
920 1324 959 1365 ex
980 1324 1031 1363 aa·
1138 1340 1142 1352 ι

28 1389 97 1449 dem
119 1389 244 1491 officina
265 1386 362 1451 exisse
383 1400 534 1471 appareat.
910 1414 912 1421 ¹
1100 1391 1105 1403 ‘

288 1643 653 1757 Pluauoxdu
678 1696 702 1757 Ι.

98 1808 173 1876 ’Ὅτι
191 1807 290 1899 niveo
310 1806 432 1895 ἀγαθὸν
451 1810 488 1878 ιο
494 1806 611 1880 καλόν.

114 1898 210 1986 Quod
227 1892 390 1961 honestum
412 1902 464 1978 rit,
486 1898 524 1959 id
542 1886 645 1962 solum
665 1900 779 1966 bonum
797 1918 870 1963 aare,

88 1984 112 2045 1.
135 1990 166 2050 6
178 1971 310 2064 Vereor,
328 2006 368 2050 ua
388 1987 457 2045 cai
452 1996 593 2047 vestrum
617 2003 655 2046 ιιι
674 1987 847 2046 Stoicorum
871 1983 1030 2043 hominum

29 2068 294 2169 disputationibus,
317 2092 382 2131 uon
397 2090 436 2129 ex
450 2091 518 2130 meo
534 2091 625 2131 sensu
640 2073 821 2171 deprompta
837 2070 912 2129 haec
925 2048 1047 2129 vidia-1
1069 2082 1071 2089 ’

27 2162 77 2214 tur
91 2154 207 2217 oratio:
230 2149 327 2215 dicam
347 2165 459 2231 tamen,
480 2156 562 2236 quod
588 2158 700 2229 sentio;
724 2166 754 2217 et
774 2158 874 2216 dicam
896 2153 1030 2230 brevius,

28 2259 116 2318 quam
134 2238 183 2301 res
199 2248 285 2300 tanta
298 2242 361 2301 dici
378 2241 486 2321 poscit.
530 2202 700 2322 Numquani
714 2242 887 2303 mehercule
900 2259 953 2319 ego
973 2259 1030 2299 ne·

28 2344 81 2403 que
97 2326 243 2406 pecunias
249 2327 403 2405 istorum,
426 2346 525 2406 neque
545 2336 626 2387 tecta
646 2328 811 2407 magnifica,
828 2346 926 2407 neque
946 2341 1029 2405 opes,
1099 2402 1103 2407 ι

26 2430 123 2489 neque
139 2409 277 2492 imperia,
293 2432 391 2496 neque
406 2432 464 2488 eas,
480 2412 590 2491 quibua
603 2414 734 2472 maxime
747 2413 864 2475 astricti
879 2420 959 2487 sunt,
974 2430 1030 2469 vo·

26 2496 207 2575 luptatea,
196 2518 231 2557 ιιι
245 2498 334 2557 bonis
352 2487 444 2558 rebus
459 2506 510 2567 ant
528 2499 705 2577 expetendis
725 2518 787 2557 esse
803 2496 894 2558 duxi:
917 2498 1029 2575 quippe

27 2602 119 2659 quum
132 2582 291 2681 viderem,
287 2582 426 2643 homiues
444 2584 533 2643 rebus
550 2582 598 2667 bis
615 2582 898 2660 circumfluentes,
882 2602 914 2641 ea
928 2592 1043 2641 tamen¹

22 2668 196 2734 desiderare
210 2669 350 2749 maxime,
376 2668 486 2753 quibus
506 2661 706 2731 abundarent.
750 2668 852 2748 Neque
873 2668 953 2749 enim
973 2683 1029 2725 ιιι-
1052 2658 1054 2677 '

25 2755 129 2830 pietur
144 2771 306 2833 umquem,
328 2774 386 2814 nec
407 2754 536 2813 satiatur
546 2754 731 2833 cupiditatis
751 2753 834 2813 sitisa
856 2774 954 2831 neque
973 2772 1026 2811 so*

26 2838 87 2897 lum
105 2858 140 2897 ea
156 2857 209 2919 qus
227 2839 351 2917 habent,
367 2836 495 2899 libidine
517 2840 646 2917 augendi
664 2838 850 2915 cruciantur,
867 2836 1028 2899 sed-etiam

26 2923 184 2983 amittendi
204 2935 296 2988 mota.
338 2930 369 2991 7.
398 2925 434 2984 ln
457 2944 517 3003 quo
540 2924 678 3004 equidem
698 2924 1028 2986 continentissimorum

23 3007 191 3107 bominum,
210 3009 361 3070 maiorum
380 3019 564 3087 nostrorum,
578 3032 668 3091 saepe
685 3007 1026 3109 requiroprudentians,
1100 3042 1106 3049 ‹

10 3096 74 3173 qui
99 3094 178 3154 haec
200 3095 353 3155 imbecilla
380 3106 411 3155 et
431 3096 654 3157 commutabilia
681 3096 827 3179 pecuniae
857 3091 1025 3177 [mambra],

11 3180 125 3239 iverbo
145 3181 255 3240 Iloua
276 3189 461 3260 putaverunt
484 3182 682 3260 appellanda²
709 3200 802 3261 quum
824 3200 858 3243 re
881 3200 918 3239 ao
937 3180 1026 3242 factis
1078 3232 1081 3237 .

11 3266 111 3342 longe
124 3265 213 3325 aliter
224 3261 449 3330 iudicavissent.
491 3267 632 3340 Potestne
652 3269 767 3328 bonum
784 3266 927 3347 cuiquam
946 3264 1026 3327 malo

25 3351 110 3409 esse?
126 3360 179 3409 aut
193 3358 293 3431 potest
307 3351 465 3449 quisquam
476 3350 509 3411 in
523 3336 706 3413 abundantia
720 3352 891 3413 bonorum'
881 3372 978 3431 apae
963 3368 1026 3409 esse

25 3448 87 3495 non
102 3436 225 3499 bonusl
258 3436 351 3515 Atqui
364 3436 465 3497 omnia
482 3436 539 3496 iata
550 3439 624 3497 talia
638 3438 787 3513 videmus,
805 3448 843 3497 ut
863 3440 955 3504 etiam
968 3439 1025 3494 im-

23 3520 114 3601 probi
138 3522 289 3596 habeant,
322 3532 351 3579 et
376 3522 477 3583 obsint
500 3518 620 3602 probis.
664 3528 694 3592 8.
723 3522 925 3600 Quamobrem
953 3522 1026 3582 lieet

68 3609 230 3668 ὒιιιιοιιι
254 3610 436 3694 l’auauoxa.
792 3612 815 3673 θ
1029 3618 1032 3641 ·
