2334 3934
99 207 136 286 ιι
220 204 223 207 ’
329 174 943 289 οιοίιιοιιιιιιιιιιιιιοιι
1038 164 1049 279 J

111 356 283 431 molestias,
304 354 356 417 sed
373 354 507 417 effecerit
520 346 642 423 mollem
659 356 747 417 etiam
762 354 967 417 et1ucundam
986 335 1135 417 senectu-

61 439 66 456 '
118 454 190 505 tem.
218 444 386 543 Numquam
405 442 498 521 igitur
510 443 582 512 satis
599 441 716 503 laudari
731 442 819 525 digne
831 440 1024 543 philosophia
1038 450 1137 521 pote·

120 528 179 606 ιιι,
220 528 271 588 cui
293 523 347 607 qui
366 535 501 609 pareat,-
519 549 608 589 omne
629 536 747 608 tempus
770 528 877 603 aetatis
901 526 965 611 siue
988 526 1136 586 molestia

120 576 219 700 poisit
233 614 347 693 degere.
388 616 420 679 8.
433 613 493 672 Sed
509 608 546 673 de
559 612 665 673 ceteris
680 622 708 673 et
718 612 849 675 diximus
857 596 971 713 multa,
994 618 1024 671 et
1040 630 1135 692 saepe

41 739 48 743 -
123 693 272 768 dicemus·
292 697 496 760 hunclibrum
508 696 766 763 ιιοιὲηιιιιιιιιᾶ
779 708 810 759 te
823 698 969 761 misimus.
999 696 1134 757 Omnem

41 844 44 848 ,
123 794 225 847 autem
240 804 407 845 sermonem
420 783 580 863 tribuimus
601 804 670 865 non
667 782 825 861 Tithono,
853 792 889 843 ut
903 773 1006 844 Aristo
1022 782 1132 851 Chius,

123 889 232 951 parum
260 868 340 929 enim
361 878 437 929 esset
456 851 646 929 auctoritatis
667 868 700 927 in
724 830 843 946 sabuli3
882 870 936 929 sed
958 868 998 930 Μ
1020 864 1134 930 Catoni

123 955 199 1036 seni,
221 974 281 1035 qno
290 954 432 1023 maiorem
445 955 656 1015 auctoritatem
667 953 791 1015 haberet
804 954 917 1015 oratio·
908 999 918 1033 ‚
931 952 1024 1053 apud
1038 972 1133 1033 quem

54 1074 57 1083 ·
122 1023 257 1100 [aelium
274 1049 304 1100 et
319 1040 489 1121 Scipionem
504 1040 631 1115 facimus
645 1029 835 1116 admirantes,
865 1040 968 1121 quod
958 1059 985 1100 ιι
1001 1048 1065 1098 tam
1080 1039 1132 1096 fa-

85 1187 89 1193 ,
125 1124 183 1184 cile
197 1134 379 1185 senectutem
400 1127 493 1202 ferat,
521 1124 618 1204 iisque
637 1146 706 1185 eum
727 1125 969 1223 respondentem.
1019 1122 1129 1196 Qui
1105 1144 1133 1181 ιι

66 1204 83 1218 ‘
125 1197 271 1269 eruditius
284 1209 440 1269 videbitur
455 1210 626 1300 disputare,
655 1230 744 1291 quem
766 1210 924 1270 consuevit
938 1210 1003 1290 ipse
1016 1208 1051 1267 ιιι
1065 1207 1131 1267 suia

123 1294 227 1355 libris:
249 1294 406 1354 attribuito
414 1294 524 1355 httena
541 1290 675 1372 Graecis,
697 1315 823 1374 quarum
834 1302 952 1355 constat
967 1313 1037 1353 eum
1054 1310 1131 1371 per-

125 1379 296 1467 studiqsum
316 1379 445 1441 fuisse
435 1400 468 1439 ιιι
489 1390 671 1454 senectute.
693 1368 754 1441 Sed
772 1380 845 1461 quid
862 1398 936 1461 opus
949 1388 994 1441 est
1011 1374 1131 1458 plura?

124 1464 190 1525 Iam
206 1458 287 1529 enim
305 1464 401 1546 ipsius
415 1464 537 1526 Catonis
552 1487 650 1527 sermo
671 1465 838 1549 explicabit
855 1474 989 1528 nostram
1008 1482 1131 1553 omnem

38 1572 45 1587 ·
124 1545 169 1640 de
179 1560 333 1612 senectute
346 1551 548 1615 sententiam.
1067 1578 1069 1587 ·

89 1652 95 1660 “
180 1638 247 1698 11.
269 1635 300 1704 4.
322 1638 468 1697 Serere.
490 1623 710 1717 Saepenumero
731 1634 873 1696 admirari
887 1632 969 1695 soleo
985 1654 1054 1695 com
1067 1630 1130 1693 hoc

128 1722 160 1783 C.
177 1713 287 1783 'Laelio
309 1741 415 1801 quum
428 1721 594 1781 ceterarum
610 1740 716 1781 rerum
736 1729 819 1781 tuam
843 1714 1057 1795 excellentem,
1085 1718 1130 1784 Μ.

86 1855 89 1861 .
127 1810 220 1903 Cato,
247 1793 469 1887 perfectamque
489 1805 686 1887 sapientiam,
718 1816 784 1871 tum
797 1806 853 1869 uel
865 1801 1027 1883 minime,
1043 1804 1130 1883 quod

125 1891 297 1976 numquam
313 1900 498 1952 senectutem
518 1891 575 1951 tibi
602 1911 724 1970 gravem
752 1900 816 1954 esse
843 1891 1005 1971 senserim,
1051 1908 1131 1986 quae

126 1978 281 2059 plerisque
296 1976 455 2043 senibus
428 1996 471 2038 aro
486 1977 590 2038 odiosa
611 1985 673 2053 est,
699 1985 734 2037 ut
747 1998 824 2039 onus
841 1996 875 2037 se
888 1976 985 2037 Aetna
1003 1974 1131 2053 gravius

128 2061 233 2121 dicent
248 2061 404 2123 sustinere
449 2063 569 2124 Caro.
592 2063 666 2122 Rem
680 2061 856 2137 haudsane
878 2060 981 2145 Scipio
994 2070 1024 2119 et
1034 2060 1129 2139 Laeli,

127 2146 281 2209 difficilem
302 2142 445 2208 admirari
464 2147 620 2212 videmini.
677 2147 794 2221 Quibus
815 2146 896 2207 enim
920 2144 999 2207 nibil
1028 2146 1131 2205 estin

126 2233 201 2333 ipsis
217 2232 285 2315 opis
300 2232 338 2293 ad
352 2234 430 2293 bene
440 2231 585 2313 beateque
600 2220 819 2333 vitandans·
798 2252 835 2295 ιιι
848 2231 946 2299 omnis
959 2239 1038 2291 setas
1057 2250 1131 2309 gra-

126 2320 174 2378 vis
191 2327 250 2382 est:
272 2316 326 2399 qui
337 2327 434 2379 autem
451 2318 550 2379 omnia
564 2318 644 2377 bona
660 2338 677 2377 a
691 2338 723 2377 se
735 2318 810 2399 ipsis
824 2326 949 2419 petunt,
984 2316 1022 2375 ιιι
1049 2314 1131 2395 nihil

126 2412 229 2501 potest
243 2402 355 2464 malum
365 2402 474 2503 rideri,
496 2403 580 2501 quod
593 2412 719 2465 naturae
733 2404 894 2465 necessitas
907 2396 1022 2463 afferat.
1057 2376 1130 2477 Quo

63 2506 69 2520 ⁸
118 2490 159 2547 iu
178 2506 284 2567 genere
305 2496 351 2548 est
372 2488 406 2549 iu
427 2489 533 2569 pimis
553 2498 707 2565 senectus3
744 2508 834 2569 quam
854 2488 891 2549 nt
912 2486 1130 2567 adipiscantur,

81 2580 85 2587 '
125 2593 229 2633 omnes
252 2581 408 2671 optant,
422 2574 557 2633 eamdem
576 2582 722 2634 accusent
751 2574 901 2656 adeptam.
983 2581 1055 2631 enta
1073 2583 1133 2633 est

124 2658 272 2719 stultitiae
291 2657 496 2721 inconstantia
510 2667 607 2737 atque
628 2658 819 2758 perversitas.
870 2574 1070 2740 Οιιιιῇιι
1042 2657 1131 2717 aiunt

124 2762 189 2802 eam
202 2743 302 2819 citius,
323 2763 412 2823 quam
424 2752 654 2823 putassent-
610 2743 828 2823 -Primum,
865 2744 934 2825 quia
956 2741 1058 2821 coegit
1076 2762 1131 2803 eos

25 2831 36 2845 ⁸
69 2835 72 2840 ’
122 2828 230 2890 falsum
244 2827 376 2908 putarat
404 2828 486 2903 Quid
502 2828 606 2889 enimi
634 2830 725 2891 citius
745 2829 966 2892 adolescentiae
976 2836 1129 2904 senectus,

58 2982 61 2987 ι
123 2932 212 3013 quam
231 2912 393 3011 pueritiae
399 2911 598 2975 adolescentia
607 2914 770 3014 obrepit?
788 2912 932 2993 Deinde,
934 2910 1129 2996 quintinus

121 2998 221 3077 gravis
233 3006 310 3059 esset
322 2998 360 3058 iis
354 3007 518 3077 senectus,
540 2998 566 3058 si
574 2998 882 3079 octingentesimum
866 3020 980 3061 annum
994 3008 1130 3097 agerent,

121 3103 211 3166 quam
229 3104 260 3143 ιι
246 3078 501 3161 octogesimum'l
522 3083 685 3145 Praeterita
701 3086 880 3162 enimaetas,
903 3084 1040 3165 quamvis
1052 3084 1130 3147 lon-

120 3188 168 3247 ga,
189 3188 280 3250 quum
295 3168 473 3249 effluxisset,
495 3168 578 3240 nulla
591 3167 801 3233 consolatione
822 3170 1011 3253 permulcere
1024 3178 1130 3249 poseat

10 3264 15 3273 ‘
120 3254 251 3339 stultam
260 3262 453 3315 senectutem
496 3256 528 3321 6
552 3253 745 3328 Quocirca
721 3277 746 3317 ιι
757 3256 934 3338 sapientiam
949 3274 1047 3314 meam
1069 3256 1131 3327 ιιι·

119 3333 223 3399 miran
214 3338 474 3419 soletis-quae
487 3340 604 3399 utinam
615 3340 705 3419 digna
718 3352 794 3403 esset
806 3342 948 3441 opinione
956 3348 1055 3416 vestra
1058 3328 1136 3403 nd>-⁴

48 3446 52 3450 ·
120 3432 243 3503 stroque
256 3424 438 3523 cognomine
451 3423 552 3483 !-in
568 3422 628 3485 hoc
644 3446 746 3485 sumus
757 3428 915 3509 sapientes,
938 3420 1144 3505 quodnatu-

48 3529 51 3535 ·
118 3521 186 3570 ram
198 3508 365 3591 optimam
364 3507 492 3589 docem,
521 3516 675 3629 tamquam
694 3510 819 3593 deum,
836 3510 1008 3594 sequimur,
1037 3510 1149 3592 eique

1064 3876 1070 3890 ,
1133 3754 1160 3899 l
