<?xml version="1.0" encoding="UTF-8"?>
<!DOCTYPE html PUBLIC "-//W3C//DTD XHTML 1.0 Transitional//EN"
    "http://www.w3.org/TR/xhtml1/DTD/xhtml1-transitional.dtd">
<html xmlns="http://www.w3.org/1999/xhtml" xml:lang="en" lang="en">
 <head>
  <title>
</title>
<meta http-equiv="Content-Type" content="text/html;charset=utf-8" />
  <meta name='ocr-system' content='tesseract 3.04.00' />
  <meta name='ocr-capabilities' content='ocr_page ocr_carea ocr_par ocr_line ocrx_word'/>
</head>
<body>
  <div class='ocr_page' id='page_1' title='image "./mtulliiciceroni113cicegoog/mtulliiciceroni113cicegoog_0073.png"; bbox 0 0 2334 3934; ppageno 0'>
   <div class='ocr_carea' id='block_1_1' title="bbox 220 163 1125 316">
    <p class='ocr_par' dir='ltr' id='par_1_1' title="bbox 220 163 1125 316">
     <span class='ocr_line' id='line_1_1' title="bbox 220 163 1125 316; baseline 0.003 -39"><span class='ocrx_word' id='word_1_1' title='bbox 220 216 279 280; x_wconf 81' lang='lat' dir='ltr'><strong>ou</strong></span> <span class='ocrx_word' id='word_1_2' title='bbox 297 163 523 280; x_wconf 82' lang='grc' dir='ltr'>ιιιιιιιι</span> <span class='ocrx_word' id='word_1_3' title='bbox 544 211 640 316; x_wconf 78' lang='lat' dir='ltr'><strong>ear.</strong></span> <span class='ocrx_word' id='word_1_4' title='bbox 663 218 713 283; x_wconf 84' lang='grc' dir='ltr'><strong>ιι.</strong></span> <span class='ocrx_word' id='word_1_5' title='bbox 730 216 788 281; x_wconf 81' lang='grc' dir='ltr'><strong>ιι.</strong></span> <span class='ocrx_word' id='word_1_6' title='bbox 808 217 859 283; x_wconf 83' lang='grc' dir='ltr'><strong>ιι.</strong></span> <span class='ocrx_word' id='word_1_7' title='bbox 913 238 917 243; x_wconf 96' lang='grc'>-</span> <span class='ocrx_word' id='word_1_8' title='bbox 938 235 941 245; x_wconf 88' lang='grc'><em>·</em></span> <span class='ocrx_word' id='word_1_9' title='bbox 974 190 1039 289; x_wconf 77' lang='grc' dir='ltr'><strong>,ιι</strong></span> <span class='ocrx_word' id='word_1_10' title='bbox 1114 210 1125 217; x_wconf 77' lang='grc'><strong><em>’</em></strong></span> 
     </span>
    </p>
   </div>
   <div class='ocr_carea' id='block_1_2' title="bbox 26 344 1034 792">
    <p class='ocr_par' dir='ltr' id='par_1_2' title="bbox 27 344 1034 624">
     <span class='ocr_line' id='line_1_2' title="bbox 27 344 1034 450; baseline 0.002 -21"><span class='ocrx_word' id='word_1_11' title='bbox 27 358 160 449; x_wconf 76' lang='lat' dir='ltr'><strong>ingeniis</strong></span> <span class='ocrx_word' id='word_1_12' title='bbox 177 378 208 429; x_wconf 92' lang='lat' dir='ltr'><strong>et</strong></span> <span class='ocrx_word' id='word_1_13' title='bbox 229 372 387 449; x_wconf 85' lang='lat' dir='ltr'><strong>aetatibus,</strong></span> <span class='ocrx_word' id='word_1_14' title='bbox 408 344 588 432; x_wconf 83' lang='lat' dir='ltr'><strong>iudicandae</strong></span> <span class='ocrx_word' id='word_1_15' title='bbox 604 376 691 428; x_wconf 88' lang='lat' dir='ltr'><strong>sunt:</strong></span> <span class='ocrx_word' id='word_1_16' title='bbox 713 388 779 446; x_wconf 90' lang='lat' dir='ltr'><strong>nec,</strong></span> <span class='ocrx_word' id='word_1_17' title='bbox 801 364 894 450; x_wconf 87' lang='lat' dir='ltr'><strong>siqui</strong></span> <span class='ocrx_word' id='word_1_18' title='bbox 910 367 1034 431; x_wconf 73' lang='lat' dir='ltr'><strong>ineunte</strong></span> 
     </span>
     <span class='ocr_line' id='line_1_3' title="bbox 28 452 1033 539; baseline -0.002 -24"><span class='ocrx_word' id='word_1_19' title='bbox 28 466 129 515; x_wconf 80' lang='lat' dir='ltr'><strong>aetate</strong></span> <span class='ocrx_word' id='word_1_20' title='bbox 142 458 272 518; x_wconf 82' lang='lat' dir='ltr'><strong>venandi</strong></span> <span class='ocrx_word' id='word_1_21' title='bbox 290 464 347 518; x_wconf 85' lang='lat' dir='ltr'><strong>a&#39;ut</strong></span> <span class='ocrx_word' id='word_1_22' title='bbox 357 458 437 539; x_wconf 89' lang='lat' dir='ltr'><strong>pilae</strong></span> <span class='ocrx_word' id='word_1_23' title='bbox 451 455 580 516; x_wconf 76' lang='lat' dir='ltr'><strong>studiosi</strong></span> <span class='ocrx_word' id='word_1_24' title='bbox 594 454 717 527; x_wconf 86' lang='lat' dir='ltr'><strong>suerint,</strong></span> <span class='ocrx_word' id='word_1_25' title='bbox 734 474 783 513; x_wconf 88' lang='lat' dir='ltr'><strong>eos</strong></span> <span class='ocrx_word' id='word_1_26' title='bbox 798 452 908 513; x_wconf 85' lang='lat' dir='ltr'><strong>habere</strong></span> <span class='ocrx_word' id='word_1_27' title='bbox 922 474 1033 513; x_wconf 86' lang='lat' dir='ltr'><strong>neces·</strong></span> 
     </span>
     <span class='ocr_line' id='line_1_4' title="bbox 27 530 1032 641; baseline -0.001 -41"><span class='ocrx_word' id='word_1_28' title='bbox 27 542 124 601; x_wconf 87' lang='lat' dir='ltr'><strong>sarios</strong></span> <span class='ocrx_word' id='word_1_29' title='bbox 128 551 302 641; x_wconf 82' lang='lat' dir='ltr'><strong>oportet,</strong></span> <span class='ocrx_word' id='word_1_30' title='bbox 302 565 404 624; x_wconf 90' lang='lat' dir='ltr'><strong>quos</strong></span> <span class='ocrx_word' id='word_1_31' title='bbox 399 551 466 602; x_wconf 90' lang='lat' dir='ltr'><strong>tum</strong></span> <span class='ocrx_word' id='word_1_32' title='bbox 487 541 592 600; x_wconf 88' lang='lat' dir='ltr'><strong>eodem</strong></span> <span class='ocrx_word' id='word_1_33' title='bbox 613 538 723 599; x_wconf 87' lang='lat' dir='ltr'><strong>studio</strong></span> <span class='ocrx_word' id='word_1_34' title='bbox 736 539 889 621; x_wconf 88' lang='lat' dir='ltr'><strong>praeditos</strong></span> <span class='ocrx_word' id='word_1_35' title='bbox 913 530 1032 599; x_wconf 86' lang='lat' dir='ltr'><strong>dilexe-</strong></span> 
     </span>
    </p>

    <p class='ocr_par' dir='ltr' id='par_1_3' title="bbox 26 617 1032 792">
     <span class='ocr_line' id='line_1_5' title="bbox 26 617 1032 705; baseline -0.005 -17.783"><span class='ocrx_word' id='word_1_36' title='bbox 26 636 112 690; x_wconf 87' lang='lat' dir='ltr'><strong>runt.</strong></span> <span class='ocrx_word' id='word_1_37' title='bbox 128 627 224 686; x_wconf 84' lang='grc' dir='ltr'>Ιιιο</span> <span class='ocrx_word' id='word_1_38' title='bbox 233 629 312 688; x_wconf 89' lang='lat' dir='ltr'><strong>enim</strong></span> <span class='ocrx_word' id='word_1_39' title='bbox 323 617 418 691; x_wconf 84' lang='lat' dir='ltr'><strong>modo</strong></span> <span class='ocrx_word' id='word_1_40' title='bbox 433 627 567 690; x_wconf 75' lang='lat' dir='ltr'><strong>nitrices</strong></span> <span class='ocrx_word' id='word_1_41' title='bbox 582 637 612 685; x_wconf 91' lang='lat' dir='ltr'><strong>et</strong></span> <span class='ocrx_word' id='word_1_42' title='bbox 630 624 816 705; x_wconf 86' lang='lat' dir='ltr'><strong>paedagogi</strong></span> <span class='ocrx_word' id='word_1_43' title='bbox 807 640 874 683; x_wconf 84' lang='lat' dir='ltr'><strong>iura</strong></span> <span class='ocrx_word' id='word_1_44' title='bbox 894 632 1032 687; x_wconf 85' lang='lat' dir='ltr'><strong>vetusta-</strong></span> 
     </span>
     <span class='ocr_line' id='line_1_6' title="bbox 26 705 1032 792; baseline -0.004 -20"><span class='ocrx_word' id='word_1_45' title='bbox 26 715 66 772; x_wconf 86' lang='lat' dir='ltr'><strong>tis</strong></span> <span class='ocrx_word' id='word_1_46' title='bbox 89 705 259 792; x_wconf 89' lang='lat' dir='ltr'><strong>plurimum</strong></span> <span class='ocrx_word' id='word_1_47' title='bbox 282 713 507 775; x_wconf 88' lang='lat' dir='ltr'><strong>benevolentiae</strong></span> <span class='ocrx_word' id='word_1_48' title='bbox 532 709 747 791; x_wconf 83' lang='lat' dir='ltr'><strong>postulabunt:</strong></span> <span class='ocrx_word' id='word_1_49' title='bbox 782 711 833 789; x_wconf 90' lang='lat' dir='ltr'><strong>qui</strong></span> <span class='ocrx_word' id='word_1_50' title='bbox 862 708 1032 789; x_wconf 81' lang='lat' dir='ltr'><strong>negligendi</strong></span> 
     </span>
    </p>
   </div>
   <div class='ocr_carea' id='block_1_3' title="bbox 28 794 1138 879">
    <p class='ocr_par' dir='ltr' id='par_1_4' title="bbox 28 794 1138 879">
     <span class='ocr_line' id='line_1_7' title="bbox 28 794 1138 879; baseline -0.002 -22"><span class='ocrx_word' id='word_1_51' title='bbox 28 798 154 878; x_wconf 86' lang='lat' dir='ltr'><strong>quidem</strong></span> <span class='ocrx_word' id='word_1_52' title='bbox 172 818 234 857; x_wconf 90' lang='lat' dir='ltr'><strong>uon</strong></span> <span class='ocrx_word' id='word_1_53' title='bbox 249 810 330 876; x_wconf 87' lang='lat' dir='ltr'><strong>sunt,</strong></span> <span class='ocrx_word' id='word_1_54' title='bbox 350 799 405 859; x_wconf 86' lang='lat' dir='ltr'><strong>sed</strong></span> <span class='ocrx_word' id='word_1_55' title='bbox 420 797 479 858; x_wconf 88' lang='lat' dir='ltr'><strong>alio</strong></span> <span class='ocrx_word' id='word_1_56' title='bbox 494 798 625 879; x_wconf 85' lang='lat' dir='ltr'><strong>quodam</strong></span> <span class='ocrx_word' id='word_1_57' title='bbox 644 796 743 859; x_wconf 81' lang='lat' dir='ltr'><strong>modo.</strong></span> <span class='ocrx_word' id='word_1_58' title='bbox 764 796 870 860; x_wconf 76' lang='lat' dir='ltr'><strong>Aliter</strong></span> <span class='ocrx_word' id='word_1_59' title='bbox 884 794 1033 855; x_wconf 80' lang='lat' dir='ltr'><strong>amicitiae</strong></span> <span class='ocrx_word' id='word_1_60' title='bbox 1132 868 1138 877; x_wconf 33' lang='lat'><em>¹</em></span> 
     </span>
    </p>
   </div>
   <div class='ocr_carea' id='block_1_4' title="bbox 24 881 1115 1054">
    <p class='ocr_par' dir='ltr' id='par_1_5' title="bbox 24 881 1115 1054">
     <span class='ocr_line' id='line_1_8' title="bbox 25 881 1031 985; baseline -0.002 -42"><span class='ocrx_word' id='word_1_61' title='bbox 25 883 151 943; x_wconf 84' lang='lat' dir='ltr'><strong>stabiles</strong></span> <span class='ocrx_word' id='word_1_62' title='bbox 163 903 340 985; x_wconf 85' lang='lat' dir='ltr'><strong>permanere</strong></span> <span class='ocrx_word' id='word_1_63' title='bbox 354 906 417 943; x_wconf 91' lang='lat' dir='ltr'><strong>nou</strong></span> <span class='ocrx_word' id='word_1_64' title='bbox 434 892 574 965; x_wconf 77' lang='lat' dir='ltr'><strong>possunt.</strong></span> <span class='ocrx_word' id='word_1_65' title='bbox 605 882 744 962; x_wconf 89' lang='lat' dir='ltr'><strong>Dispares</strong></span> <span class='ocrx_word' id='word_1_66' title='bbox 760 881 840 940; x_wconf 93' lang='lat' dir='ltr'><strong>enim</strong></span> <span class='ocrx_word' id='word_1_67' title='bbox 855 884 953 941; x_wconf 84' lang='lat' dir='ltr'><strong>mores</strong></span> <span class='ocrx_word' id='word_1_68' title='bbox 969 881 1031 942; x_wconf 91' lang='lat' dir='ltr'><strong>dis-</strong></span> 
     </span>
     <span class='ocr_line' id='line_1_9' title="bbox 24 948 1115 1054; baseline -0.003 -27"><span class='ocrx_word' id='word_1_69' title='bbox 24 970 113 1050; x_wconf 88' lang='lat' dir='ltr'><strong>paria</strong></span> <span class='ocrx_word' id='word_1_70' title='bbox 126 964 226 1029; x_wconf 85' lang='lat' dir='ltr'><strong>stddia</strong></span> <span class='ocrx_word' id='word_1_71' title='bbox 241 976 418 1050; x_wconf 78' lang='lat' dir='ltr'><strong>sequuntur,</strong></span> <span class='ocrx_word' id='word_1_72' title='bbox 433 988 569 1048; x_wconf 88' lang='lat' dir='ltr'><strong>quorum</strong></span> <span class='ocrx_word' id='word_1_73' title='bbox 577 965 789 1027; x_wconf 78' lang='lat' dir='ltr'><strong>dissimilitudo</strong></span> <span class='ocrx_word' id='word_1_74' title='bbox 804 948 949 1026; x_wconf 80' lang='lat' dir='ltr'><strong>dissociat</strong></span> <span class='ocrx_word' id='word_1_75' title='bbox 959 966 1033 1025; x_wconf 86' lang='lat' dir='ltr'><strong>ami·</strong></span> <span class='ocrx_word' id='word_1_76' title='bbox 1048 1046 1050 1054; x_wconf 21' lang='lat' dir='ltr'>y</span> <span class='ocrx_word' id='word_1_77' title='bbox 1112 1025 1115 1031; x_wconf 72' lang='grc'>,</span> 
     </span>
    </p>
   </div>
   <div class='ocr_carea' id='block_1_5' title="bbox 24 1051 1162 1151">
    <p class='ocr_par' dir='ltr' id='par_1_6' title="bbox 24 1051 1162 1151">
     <span class='ocr_line' id='line_1_10' title="bbox 24 1051 1162 1151; baseline -0.001 -38"><span class='ocrx_word' id='word_1_78' title='bbox 24 1055 132 1114; x_wconf 78' lang='lat' dir='ltr'><strong>sitias·</strong></span> <span class='ocrx_word' id='word_1_79' title='bbox 153 1072 210 1117; x_wconf 76' lang='lat' dir='ltr'><strong>nec</strong></span> <span class='ocrx_word' id='word_1_80' title='bbox 224 1057 263 1115; x_wconf 89' lang='lat' dir='ltr'><strong>ob</strong></span> <span class='ocrx_word' id='word_1_81' title='bbox 278 1057 368 1141; x_wconf 83' lang='lat' dir='ltr'><strong>aliam</strong></span> <span class='ocrx_word' id='word_1_82' title='bbox 384 1063 519 1125; x_wconf 78' lang='lat' dir='ltr'><strong>ctussam</strong></span> <span class='ocrx_word' id='word_1_83' title='bbox 534 1053 629 1113; x_wconf 89' lang='lat' dir='ltr'><strong>ullam</strong></span> <span class='ocrx_word' id='word_1_84' title='bbox 642 1052 884 1133; x_wconf 86' lang='lat' dir='ltr'><strong>bon11mprob1s,</strong></span> <span class='ocrx_word' id='word_1_85' title='bbox 897 1051 1031 1151; x_wconf 84' lang='lat' dir='ltr'><strong>improbi</strong></span> <span class='ocrx_word' id='word_1_86' title='bbox 1058 1090 1062 1097; x_wconf 83' lang='lat'><em>·</em></span> <span class='ocrx_word' id='word_1_87' title='bbox 1105 1110 1107 1121; x_wconf 77' lang='grc'>,</span> <span class='ocrx_word' id='word_1_88' title='bbox 1159 1082 1162 1091; x_wconf 26' lang='grc' dir='ltr'><em>Α</em></span> 
     </span>
    </p>
   </div>
   <div class='ocr_carea' id='block_1_6' title="bbox 4 1138 1105 1498">
    <p class='ocr_par' dir='ltr' id='par_1_7' title="bbox 4 1138 1055 1307">
     <span class='ocr_line' id='line_1_11' title="bbox 24 1138 1031 1219; baseline -0.004 -20"><span class='ocrx_word' id='word_1_89' title='bbox 24 1140 117 1200; x_wconf 85' lang='lat' dir='ltr'><strong>bonis</strong></span> <span class='ocrx_word' id='word_1_90' title='bbox 139 1140 227 1199; x_wconf 87' lang='lat' dir='ltr'><strong>amici</strong></span> <span class='ocrx_word' id='word_1_91' title='bbox 247 1160 314 1200; x_wconf 89' lang='lat' dir='ltr'><strong>esse</strong></span> <span class='ocrx_word' id='word_1_92' title='bbox 336 1161 399 1208; x_wconf 85' lang='lat' dir='ltr'><strong>non</strong></span> <span class='ocrx_word' id='word_1_93' title='bbox 419 1148 566 1219; x_wconf 87' lang='lat' dir='ltr'><strong>possunt,</strong></span> <span class='ocrx_word' id='word_1_94' title='bbox 594 1138 654 1198; x_wconf 84' lang='lat' dir='ltr'><strong>nisi</strong></span> <span class='ocrx_word' id='word_1_95' title='bbox 675 1138 758 1217; x_wconf 89' lang='lat' dir='ltr'><strong>quod</strong></span> <span class='ocrx_word' id='word_1_96' title='bbox 777 1146 862 1197; x_wconf 89' lang='lat' dir='ltr'><strong>tauta</strong></span> <span class='ocrx_word' id='word_1_97' title='bbox 884 1147 929 1197; x_wconf 90' lang='lat' dir='ltr'><strong>est</strong></span> <span class='ocrx_word' id='word_1_98' title='bbox 949 1138 1031 1196; x_wconf 88' lang='lat' dir='ltr'><strong>inter</strong></span> 
     </span>
     <span class='ocr_line' id='line_1_12' title="bbox 4 1214 1055 1323; baseline -0.003 -38"><span class='ocrx_word' id='word_1_99' title='bbox 4 1242 6 1248; x_wconf 86' lang='grc'><strong>’</strong></span> <span class='ocrx_word' id='word_1_100' title='bbox 25 1246 86 1298; x_wconf 87' lang='lat' dir='ltr'><strong>eoa,</strong></span> <span class='ocrx_word' id='word_1_101' title='bbox 111 1235 223 1323; x_wconf 80' lang='lat' dir='ltr'><strong>quauta</strong></span> <span class='ocrx_word' id='word_1_102' title='bbox 236 1225 368 1285; x_wconf 88' lang='lat' dir='ltr'><strong>maxima</strong></span> <span class='ocrx_word' id='word_1_103' title='bbox 381 1234 482 1307; x_wconf 89' lang='lat' dir='ltr'><strong>potest</strong></span> <span class='ocrx_word' id='word_1_104' title='bbox 497 1244 569 1299; x_wconf 88' lang='lat' dir='ltr'><strong>esse,</strong></span> <span class='ocrx_word' id='word_1_105' title='bbox 592 1244 712 1284; x_wconf 88' lang='lat' dir='ltr'><strong>morum</strong></span> <span class='ocrx_word' id='word_1_106' title='bbox 731 1222 960 1322; x_wconf 88' lang='lat' dir='ltr'><strong>studiorumque</strong></span> <span class='ocrx_word' id='word_1_107' title='bbox 980 1214 1032 1282; x_wconf 91' lang='lat' dir='ltr'><strong>di·</strong></span> <span class='ocrx_word' id='word_1_108' title='bbox 1054 1266 1055 1271; x_wconf 22' lang='grc' dir='ltr'><strong>ι</strong></span> 
     </span>
    </p>

    <p class='ocr_par' dir='ltr' id='par_1_8' title="bbox 23 1307 1105 1479">
     <span class='ocr_line' id='line_1_13' title="bbox 25 1307 1105 1391; baseline -0.005 -21"><span class='ocrx_word' id='word_1_109' title='bbox 25 1311 148 1373; x_wconf 84' lang='lat' dir='ltr'><strong>stantia.</strong></span> <span class='ocrx_word' id='word_1_110' title='bbox 192 1312 252 1377; x_wconf 86' lang='lat'><strong>76.</strong></span> <span class='ocrx_word' id='word_1_111' title='bbox 268 1313 360 1371; x_wconf 83' lang='lat' dir='ltr'><strong>Recta</strong></span> <span class='ocrx_word' id='word_1_112' title='bbox 383 1314 473 1371; x_wconf 88' lang='lat' dir='ltr'><strong>etiam</strong></span> <span class='ocrx_word' id='word_1_113' title='bbox 494 1307 630 1391; x_wconf 85' lang='lat' dir='ltr'><strong>praecipi</strong></span> <span class='ocrx_word' id='word_1_114' title='bbox 654 1309 783 1389; x_wconf 86' lang='lat' dir='ltr'><strong>potest&#39;</strong></span> <span class='ocrx_word' id='word_1_115' title='bbox 773 1328 807 1367; x_wconf 88' lang='grc' dir='ltr'><strong>ιιι</strong></span> <span class='ocrx_word' id='word_1_116' title='bbox 823 1308 969 1389; x_wconf 88' lang='lat' dir='ltr'><strong>amicitiis,</strong></span> <span class='ocrx_word' id='word_1_117' title='bbox 990 1326 1030 1366; x_wconf 85' lang='lat' dir='ltr'><strong>ne</strong></span> <span class='ocrx_word' id='word_1_118' title='bbox 1100 1374 1105 1388; x_wconf 55' lang='lat'><strong>,</strong></span> 
     </span>
     <span class='ocr_line' id='line_1_14' title="bbox 23 1394 1101 1498; baseline -0.005 -43"><span class='ocrx_word' id='word_1_119' title='bbox 23 1398 233 1479; x_wconf 79' lang='lat' dir='ltr'><strong>intemperata</strong></span> <span class='ocrx_word' id='word_1_120' title='bbox 240 1397 385 1498; x_wconf 80' lang='lat' dir='ltr'><strong>quaedam</strong></span> <span class='ocrx_word' id='word_1_121' title='bbox 401 1394 624 1469; x_wconf 86' lang='lat' dir='ltr'><strong>benevolentia,</strong></span> <span class='ocrx_word' id='word_1_122' title='bbox 646 1394 728 1475; x_wconf 86' lang='lat' dir='ltr'><strong>qnod</strong></span> <span class='ocrx_word' id='word_1_123' title='bbox 745 1411 886 1475; x_wconf 78' lang='lat' dir='ltr'><strong>persaepe</strong></span> <span class='ocrx_word' id='word_1_124' title='bbox 902 1394 978 1468; x_wconf 56' lang='lat' dir='ltr'><strong>fitf</strong></span> <span class='ocrx_word' id='word_1_125' title='bbox 969 1412 1030 1451; x_wconf 82' lang='lat' dir='ltr'><strong>am·</strong></span> <span class='ocrx_word' id='word_1_126' title='bbox 1032 1404 1036 1413; x_wconf 86' lang='grc'><strong>“</strong></span> <span class='ocrx_word' id='word_1_127' title='bbox 1095 1460 1101 1473; x_wconf 74' lang='lat'><strong>.</strong></span> 
     </span>
    </p>
   </div>
   <div class='ocr_carea' id='block_1_7' title="bbox 22 1465 1106 2165">
    <p class='ocr_par' dir='ltr' id='par_1_9' title="bbox 23 1465 1106 1903">
     <span class='ocr_line' id='line_1_15' title="bbox 24 1465 1036 1562; baseline -0.007 -20"><span class='ocrx_word' id='word_1_128' title='bbox 24 1482 130 1561; x_wconf 85' lang='lat' dir='ltr'><strong>padiat</strong></span> <span class='ocrx_word' id='word_1_129' title='bbox 147 1485 270 1562; x_wconf 77' lang='lat' dir='ltr'><strong>magnas</strong></span> <span class='ocrx_word' id='word_1_130' title='bbox 293 1480 437 1541; x_wconf 70' lang='lat' dir='ltr'><strong>utilitates</strong></span> <span class='ocrx_word' id='word_1_131' title='bbox 457 1478 632 1541; x_wconf 85' lang='lat' dir='ltr'><strong>amicorum.</strong></span> <span class='ocrx_word' id='word_1_132' title='bbox 674 1480 735 1541; x_wconf 84' lang='lat' dir='ltr'><strong>Nec</strong></span> <span class='ocrx_word' id='word_1_133' title='bbox 755 1480 849 1550; x_wconf 88' lang='lat' dir='ltr'><strong>enim,</strong></span> <span class='ocrx_word' id='word_1_134' title='bbox 873 1488 907 1539; x_wconf 91' lang='lat' dir='ltr'><strong>ut</strong></span> <span class='ocrx_word' id='word_1_135' title='bbox 924 1478 965 1538; x_wconf 87' lang='lat' dir='ltr'><strong>sd</strong></span> <span class='ocrx_word' id='word_1_136' title='bbox 980 1465 1036 1537; x_wconf 69' lang='lat' dir='ltr'><strong>la-&#39;</strong></span> 
     </span>
     <span class='ocr_line' id='line_1_16' title="bbox 23 1564 1056 1654; baseline -0.007 -27"><span class='ocrx_word' id='word_1_137' title='bbox 23 1566 250 1643; x_wconf 77' lang='lat' dir='ltr'><strong>bulssredtam,</strong></span> <span class='ocrx_word' id='word_1_138' title='bbox 266 1567 385 1626; x_wconf 85' lang='lat' dir='ltr'><strong>Troiam</strong></span> <span class='ocrx_word' id='word_1_139' title='bbox 400 1565 615 1654; x_wconf 78' lang='lat' dir='ltr'><strong>Neoptolemus</strong></span> <span class='ocrx_word' id='word_1_140' title='bbox 631 1584 738 1646; x_wconf 88' lang='lat' dir='ltr'><strong>capere</strong></span> <span class='ocrx_word' id='word_1_141' title='bbox 754 1564 908 1645; x_wconf 87' lang='lat' dir='ltr'><strong>potuisset,</strong></span> <span class='ocrx_word' id='word_1_142' title='bbox 923 1564 949 1623; x_wconf 85' lang='lat' dir='ltr'><strong>si</strong></span> <span class='ocrx_word' id='word_1_143' title='bbox 947 1564 1029 1645; x_wconf 82' lang='lat' dir='ltr'><strong>Ly·</strong></span> <span class='ocrx_word' id='word_1_144' title='bbox 1055 1600 1056 1609; x_wconf 35' lang='grc' dir='ltr'><strong>ι</strong></span> 
     </span>
     <span class='ocr_line' id='line_1_17' title="bbox 24 1634 1030 1732; baseline -0.005 -20"><span class='ocrx_word' id='word_1_145' title='bbox 24 1652 190 1728; x_wconf 81' lang='lat' dir='ltr'><strong>comedam,</strong></span> <span class='ocrx_word' id='word_1_146' title='bbox 211 1653 293 1732; x_wconf 85' lang='lat' dir='ltr'><strong>apud</strong></span> <span class='ocrx_word' id='word_1_147' title='bbox 310 1672 403 1731; x_wconf 78' lang='lat' dir='ltr'><strong>quem</strong></span> <span class='ocrx_word' id='word_1_148' title='bbox 418 1660 482 1712; x_wconf 89' lang='lat' dir='ltr'><strong>erat</strong></span> <span class='ocrx_word' id='word_1_149' title='bbox 502 1634 659 1727; x_wconf 76' lang='lat' dir='ltr'><strong>educatus,</strong></span> <span class='ocrx_word' id='word_1_150' title='bbox 683 1650 786 1713; x_wconf 85' lang='lat' dir='ltr'><strong>multis</strong></span> <span class='ocrx_word' id='word_1_151' title='bbox 807 1671 875 1711; x_wconf 91' lang='lat' dir='ltr'><strong>cum</strong></span> <span class='ocrx_word' id='word_1_152' title='bbox 895 1646 1030 1710; x_wconf 85' lang='lat' dir='ltr'><strong>lacrimis</strong></span> 
     </span>
     <span class='ocr_line' id='line_1_18' title="bbox 23 1714 1106 1828; baseline -0.003 -32"><span class='ocrx_word' id='word_1_153' title='bbox 23 1739 84 1798; x_wconf 86' lang='lat' dir='ltr'><strong>iter</strong></span> <span class='ocrx_word' id='word_1_154' title='bbox 104 1756 193 1797; x_wconf 88' lang='lat' dir='ltr'><strong>suum</strong></span> <span class='ocrx_word' id='word_1_155' title='bbox 212 1737 440 1828; x_wconf 80' lang='lat' dir='ltr'><strong>impedientem</strong></span> <span class='ocrx_word' id='word_1_156' title='bbox 450 1738 557 1797; x_wconf 90' lang='lat' dir='ltr'><strong>audire</strong></span> <span class='ocrx_word' id='word_1_157' title='bbox 579 1736 736 1798; x_wconf 82' lang='lat' dir='ltr'><strong>voluisset.</strong></span> <span class='ocrx_word' id='word_1_158' title='bbox 781 1714 820 1795; x_wconf 79' lang='lat' dir='ltr'><strong>Ei</strong></span> <span class='ocrx_word' id='word_1_159' title='bbox 836 1755 923 1817; x_wconf 88' lang='lat' dir='ltr'><strong>saepe</strong></span> <span class='ocrx_word' id='word_1_160' title='bbox 944 1734 1030 1794; x_wconf 87' lang='lat' dir='ltr'><strong>inci-</strong></span> <span class='ocrx_word' id='word_1_161' title='bbox 1102 1747 1106 1750; x_wconf 89' lang='grc'><strong>’</strong></span> 
     </span>
     <span class='ocr_line' id='line_1_19' title="bbox 23 1820 1073 1921; baseline -0.001 -38"><span class='ocrx_word' id='word_1_162' title='bbox 23 1825 102 1883; x_wconf 85' lang='lat' dir='ltr'><strong>dunt</strong></span> <span class='ocrx_word' id='word_1_163' title='bbox 117 1831 241 1901; x_wconf 82' lang='lat' dir='ltr'><strong>magnae</strong></span> <span class='ocrx_word' id='word_1_164' title='bbox 253 1842 319 1899; x_wconf 85' lang='lat' dir='ltr'><strong>res,</strong></span> <span class='ocrx_word' id='word_1_165' title='bbox 338 1834 375 1884; x_wconf 92' lang='lat' dir='ltr'><strong>ut</strong></span> <span class='ocrx_word' id='word_1_166' title='bbox 394 1822 607 1882; x_wconf 89' lang='lat' dir='ltr'><strong>discedendum</strong></span> <span class='ocrx_word' id='word_1_167' title='bbox 628 1824 668 1883; x_wconf 89' lang='lat' dir='ltr'><strong>sit</strong></span> <span class='ocrx_word' id='word_1_168' title='bbox 687 1822 722 1883; x_wconf 90' lang='lat' dir='ltr'><strong>ab</strong></span> <span class='ocrx_word' id='word_1_169' title='bbox 743 1822 864 1885; x_wconf 89' lang='lat' dir='ltr'><strong>amicis.</strong></span> <span class='ocrx_word' id='word_1_170' title='bbox 886 1842 957 1921; x_wconf 87' lang='lat' dir='ltr'><strong>quas</strong></span> <span class='ocrx_word' id='word_1_171' title='bbox 977 1820 1029 1921; x_wconf 87' lang='lat' dir='ltr'><strong>qui</strong></span> <span class='ocrx_word' id='word_1_172' title='bbox 1070 1898 1073 1901; x_wconf 19' lang='grc' dir='ltr'>Ι</span> 
     </span>
    </p>

    <p class='ocr_par' dir='ltr' id='par_1_10' title="bbox 22 1892 1106 2165">
     <span class='ocr_line' id='line_1_20' title="bbox 23 1892 1094 2001; baseline -0.007 -33"><span class='ocrx_word' id='word_1_173' title='bbox 23 1908 174 1990; x_wconf 86' lang='lat' dir='ltr'><strong>impedire</strong></span> <span class='ocrx_word' id='word_1_174' title='bbox 189 1908 268 1980; x_wconf 81' lang='lat' dir='ltr'><strong>vult,</strong></span> <span class='ocrx_word' id='word_1_175' title='bbox 283 1892 377 1987; x_wconf 92' lang='lat' dir='ltr'><strong>quod</strong></span> <span class='ocrx_word' id='word_1_176' title='bbox 389 1892 570 1971; x_wconf 82' lang='lat' dir='ltr'><strong>desiderium</strong></span> <span class='ocrx_word' id='word_1_177' title='bbox 589 1930 653 1969; x_wconf 87' lang='lat' dir='ltr'><strong>non</strong></span> <span class='ocrx_word' id='word_1_178' title='bbox 674 1909 762 1968; x_wconf 87' lang='lat' dir='ltr'><strong>facile</strong></span> <span class='ocrx_word' id='word_1_179' title='bbox 780 1910 897 1988; x_wconf 87' lang='lat' dir='ltr'><strong>ferat,&#39;</strong></span> <span class='ocrx_word' id='word_1_180' title='bbox 889 1930 915 1969; x_wconf 86' lang='lat' dir='ltr'><strong>rs</strong></span> <span class='ocrx_word' id='word_1_181' title='bbox 931 1917 960 2001; x_wconf 77' lang='lat' dir='ltr'><strong>et</strong></span> <span class='ocrx_word' id='word_1_182' title='bbox 976 1907 1027 1967; x_wconf 87' lang='grc' dir='ltr'>ιιι.</span> <span class='ocrx_word' id='word_1_183' title='bbox 1089 1954 1094 1961; x_wconf 74' lang='grc'><strong>,,</strong></span> 
     </span>
     <span class='ocr_line' id='line_1_21' title="bbox 22 1990 1106 2093; baseline -0.001 -40"><span class='ocrx_word' id='word_1_184' title='bbox 22 1995 130 2053; x_wconf 90' lang='lat' dir='ltr'><strong>firmus</strong></span> <span class='ocrx_word' id='word_1_185' title='bbox 153 2002 200 2054; x_wconf 89' lang='lat' dir='ltr'><strong>est</strong></span> <span class='ocrx_word' id='word_1_186' title='bbox 215 1994 381 2093; x_wconf 75' lang='lat' dir='ltr'><strong>mollisque</strong></span> <span class='ocrx_word' id='word_1_187' title='bbox 399 2006 516 2073; x_wconf 89' lang='lat' dir='ltr'><strong>natura,</strong></span> <span class='ocrx_word' id='word_1_188' title='bbox 536 2005 567 2055; x_wconf 90' lang='lat' dir='ltr'><strong>et</strong></span> <span class='ocrx_word' id='word_1_189' title='bbox 585 1996 623 2056; x_wconf 92' lang='lat' dir='ltr'><strong>ob</strong></span> <span class='ocrx_word' id='word_1_190' title='bbox 643 2014 707 2057; x_wconf 90' lang='lat' dir='ltr'><strong>eam</strong></span> <span class='ocrx_word' id='word_1_191' title='bbox 726 1994 822 2077; x_wconf 87' lang='lat' dir='ltr'><strong>ipsam</strong></span> <span class='ocrx_word' id='word_1_192' title='bbox 841 1990 974 2054; x_wconf 85' lang='lat' dir='ltr'><strong>caussam</strong></span> <span class='ocrx_word' id='word_1_193' title='bbox 994 1993 1030 2053; x_wconf 88' lang='lat' dir='ltr'><strong>in</strong></span> <span class='ocrx_word' id='word_1_194' title='bbox 1104 2002 1106 2010; x_wconf 82' lang='grc'>’</span> 
     </span>
     <span class='ocr_line' id='line_1_22' title="bbox 23 2080 1053 2165; baseline -0.002 -23"><span class='ocrx_word' id='word_1_195' title='bbox 23 2080 157 2142; x_wconf 89' lang='lat' dir='ltr'><strong>amicitia</strong></span> <span class='ocrx_word' id='word_1_196' title='bbox 168 2100 284 2165; x_wconf 54' lang='lat' dir='ltr'><strong>,parum</strong></span> <span class='ocrx_word' id='word_1_197' title='bbox 300 2080 409 2143; x_wconf 86' lang='lat' dir='ltr'><strong>iustus.</strong></span> <span class='ocrx_word' id='word_1_198' title='bbox 452 2086 505 2151; x_wconf 83' lang='lat'><strong>76.</strong></span> <span class='ocrx_word' id='word_1_199' title='bbox 526 2080 651 2160; x_wconf 78' lang='lat' dir='ltr'><strong>Atque</strong></span> <span class='ocrx_word' id='word_1_200' title='bbox 641 2082 772 2143; x_wconf 79' lang='lat' dir='ltr'><strong>inomni</strong></span> <span class='ocrx_word' id='word_1_201' title='bbox 787 2101 820 2143; x_wconf 88' lang='lat' dir='ltr'><strong>re</strong></span> <span class='ocrx_word' id='word_1_202' title='bbox 835 2080 1029 2147; x_wconf 86' lang='lat' dir='ltr'><strong>consideran·</strong></span> <span class='ocrx_word' id='word_1_203' title='bbox 1052 2146 1053 2151; x_wconf 9' lang='grc' dir='ltr'>η</span> 
     </span>
    </p>
   </div>
   <div class='ocr_carea' id='block_1_8' title="bbox 24 2167 1155 2267">
    <p class='ocr_par' dir='ltr' id='par_1_11' title="bbox 24 2167 1155 2267">
     <span class='ocr_line' id='line_1_23' title="bbox 24 2167 1155 2267; baseline 0.005 -39"><span class='ocrx_word' id='word_1_204' title='bbox 24 2169 101 2267; x_wconf 74' lang='lat' dir='ltr'><strong>dum·</strong></span> <span class='ocrx_word' id='word_1_205' title='bbox 118 2176 173 2245; x_wconf 92' lang='lat' dir='ltr'><strong>est,</strong></span> <span class='ocrx_word' id='word_1_206' title='bbox 195 2180 226 2229; x_wconf 86' lang='lat' dir='ltr'><strong>et</strong></span> <span class='ocrx_word' id='word_1_207' title='bbox 239 2168 322 2249; x_wconf 89' lang='lat' dir='ltr'><strong>quid</strong></span> <span class='ocrx_word' id='word_1_208' title='bbox 337 2168 475 2251; x_wconf 57' lang='lat' dir='ltr'><strong>&gt;pastillas</strong></span> <span class='ocrx_word' id='word_1_209' title='bbox 497 2168 533 2231; x_wconf 88' lang='lat' dir='ltr'><strong>ab</strong></span> <span class='ocrx_word' id='word_1_210' title='bbox 552 2167 659 2250; x_wconf 83' lang='lat' dir='ltr'><strong>amico,</strong></span> <span class='ocrx_word' id='word_1_211' title='bbox 682 2176 712 2229; x_wconf 92' lang='lat' dir='ltr'><strong>et</strong></span> <span class='ocrx_word' id='word_1_212' title='bbox 732 2169 805 2253; x_wconf 87' lang='lat' dir='ltr'><strong>quid</strong></span> <span class='ocrx_word' id='word_1_213' title='bbox 821 2172 937 2253; x_wconf 82' lang='lat' dir='ltr'><strong>patiare</strong></span> <span class='ocrx_word' id='word_1_214' title='bbox 958 2190 976 2231; x_wconf 86' lang='lat' dir='ltr'><strong>a</strong></span> <span class='ocrx_word' id='word_1_215' title='bbox 996 2174 1029 2233; x_wconf 82' lang='lat' dir='ltr'><strong>te</strong></span> <span class='ocrx_word' id='word_1_216' title='bbox 1107 2243 1109 2250; x_wconf 34' lang='lat'><strong>,</strong></span> <span class='ocrx_word' id='word_1_217' title='bbox 1152 2250 1155 2257; x_wconf 27' lang='grc' dir='ltr'>ι</span> 
     </span>
    </p>
   </div>
   <div class='ocr_carea' id='block_1_9' title="bbox 5 2254 1103 3654">
    <p class='ocr_par' dir='ltr' id='par_1_12' title="bbox 23 2254 251 2316">
     <span class='ocr_line' id='line_1_24' title="bbox 23 2254 251 2316; baseline -0.012 -1.202"><span class='ocrx_word' id='word_1_218' title='bbox 23 2254 191 2316; x_wconf 80' lang='grc' dir='ltr'>ιιιιιιιιιι.</span> <span class='ocrx_word' id='word_1_219' title='bbox 247 2266 251 2269; x_wconf 83' lang='grc'><strong>’</strong></span> 
     </span>
    </p>

    <p class='ocr_par' dir='ltr' id='par_1_13' title="bbox 5 2276 1103 3625">
     <span class='ocr_line' id='line_1_25' title="bbox 23 2276 1099 2419; baseline 0.003 -21.119"><span class='ocrx_word' id='word_1_220' title='bbox 23 2276 192 2403; x_wconf 67' lang='lat' dir='ltr'><strong>lmpm</strong></span> <span class='ocrx_word' id='word_1_221' title='bbox 214 2338 267 2399; x_wconf 85' lang='lat' dir='ltr'><strong>Est</strong></span> <span class='ocrx_word' id='word_1_222' title='bbox 284 2338 375 2399; x_wconf 88' lang='lat' dir='ltr'><strong>etiam</strong></span> <span class='ocrx_word' id='word_1_223' title='bbox 396 2337 481 2419; x_wconf 83' lang='lat' dir='ltr'><strong>quasi</strong></span> <span class='ocrx_word' id='word_1_224' title='bbox 500 2338 646 2418; x_wconf 84' lang='lat' dir='ltr'><strong>quaedam</strong></span> <span class='ocrx_word' id='word_1_225' title='bbox 661 2340 842 2402; x_wconf 85' lang='lat' dir='ltr'><strong>calamitas&#39;</strong></span> <span class='ocrx_word' id='word_1_226' title='bbox 832 2362 866 2401; x_wconf 87' lang='lat' dir='ltr'><strong>m</strong></span> <span class='ocrx_word' id='word_1_227' title='bbox 887 2340 1027 2402; x_wconf 83' lang='lat' dir='ltr'><strong>amicitiis</strong></span> <span class='ocrx_word' id='word_1_228' title='bbox 1093 2385 1099 2389; x_wconf 87' lang='lat'><em>-</em></span> 
     </span>
     <span class='ocr_line' id='line_1_26' title="bbox 21 2392 1103 2521; baseline 0.002 -36"><span class='ocrx_word' id='word_1_229' title='bbox 21 2392 210 2486; x_wconf 80' lang='lat' dir='ltr'><strong>dimittendis</strong></span> <span class='ocrx_word' id='word_1_230' title='bbox 225 2445 454 2521; x_wconf 86' lang='lat' dir='ltr'><strong>nonnumquam</strong></span> <span class='ocrx_word' id='word_1_231' title='bbox 468 2426 649 2487; x_wconf 85' lang='lat' dir='ltr'><strong>necessaria:</strong></span> <span class='ocrx_word' id='word_1_232' title='bbox 674 2428 733 2486; x_wconf 86' lang='lat' dir='ltr'><strong>iam</strong></span> <span class='ocrx_word' id='word_1_233' title='bbox 749 2428 828 2487; x_wconf 86' lang='lat' dir='ltr'><strong>enim</strong></span> <span class='ocrx_word' id='word_1_234' title='bbox 845 2450 862 2487; x_wconf 88' lang='lat' dir='ltr'><strong>a</strong></span> <span class='ocrx_word' id='word_1_235' title='bbox 878 2428 1026 2509; x_wconf 85' lang='lat' dir='ltr'><strong>sapienti·</strong></span> <span class='ocrx_word' id='word_1_236' title='bbox 1075 2466 1103 2497; x_wconf 47' lang='grc' dir='ltr'><strong>ι,</strong></span> 
     </span>
     <span class='ocr_line' id='line_1_27' title="bbox 21 2501 1025 2591; baseline -0.001 -20"><span class='ocrx_word' id='word_1_237' title='bbox 21 2532 74 2571; x_wconf 90' lang='lat' dir='ltr'><strong>um</strong></span> <span class='ocrx_word' id='word_1_238' title='bbox 107 2504 361 2573; x_wconf 82' lang='lat' dir='ltr'><strong>familiaritatibus</strong></span> <span class='ocrx_word' id='word_1_239' title='bbox 392 2501 434 2569; x_wconf 91' lang='lat' dir='ltr'><strong>ad</strong></span> <span class='ocrx_word' id='word_1_240' title='bbox 458 2511 595 2589; x_wconf 82' lang='lat' dir='ltr'><strong>vulgares</strong></span> <span class='ocrx_word' id='word_1_241' title='bbox 624 2512 777 2591; x_wconf 87' lang='lat' dir='ltr'><strong>amicitias</strong></span> <span class='ocrx_word' id='word_1_242' title='bbox 796 2513 892 2573; x_wconf 90' lang='lat' dir='ltr'><strong>oratio</strong></span> <span class='ocrx_word' id='word_1_243' title='bbox 918 2522 1025 2573; x_wconf 87' lang='lat' dir='ltr'><strong>nostra</strong></span> 
     </span>
     <span class='ocr_line' id='line_1_28' title="bbox 20 2596 1025 2678; baseline 0.003 -23"><span class='ocrx_word' id='word_1_244' title='bbox 20 2597 199 2658; x_wconf 83' lang='lat' dir='ltr'><strong>delabitur.</strong></span> <span class='ocrx_word' id='word_1_245' title='bbox 195 2596 393 2678; x_wconf 83' lang='lat' dir='ltr'><strong>Erumpunt</strong></span> <span class='ocrx_word' id='word_1_246' title='bbox 414 2616 502 2678; x_wconf 88' lang='lat' dir='ltr'><strong>saepe</strong></span> <span class='ocrx_word' id='word_1_247' title='bbox 521 2597 596 2657; x_wconf 85' lang='lat' dir='ltr'><strong>vitia</strong></span> <span class='ocrx_word' id='word_1_248' title='bbox 621 2598 787 2661; x_wconf 81' lang='lat' dir='ltr'><strong>amicorum</strong></span> <span class='ocrx_word' id='word_1_249' title='bbox 809 2606 875 2658; x_wconf 89' lang='lat' dir='ltr'><strong>tum</strong></span> <span class='ocrx_word' id='word_1_250' title='bbox 890 2598 923 2657; x_wconf 89' lang='lat' dir='ltr'><strong>in</strong></span> <span class='ocrx_word' id='word_1_251' title='bbox 941 2600 1025 2678; x_wconf 88' lang='lat' dir='ltr'><strong>ipsos</strong></span> 
     </span>
     <span class='ocr_line' id='line_1_29' title="bbox 19 2682 1026 2781; baseline 0.002 -40"><span class='ocrx_word' id='word_1_252' title='bbox 19 2684 145 2760; x_wconf 86' lang='lat' dir='ltr'><strong>amicos,</strong></span> <span class='ocrx_word' id='word_1_253' title='bbox 162 2687 226 2742; x_wconf 85' lang='lat' dir='ltr'><strong>tum</strong></span> <span class='ocrx_word' id='word_1_254' title='bbox 241 2682 275 2743; x_wconf 89' lang='lat' dir='ltr'><strong>iu</strong></span> <span class='ocrx_word' id='word_1_255' title='bbox 291 2683 414 2759; x_wconf 78' lang='lat' dir='ltr'><strong>alienos,</strong></span> <span class='ocrx_word' id='word_1_256' title='bbox 433 2703 564 2781; x_wconf 90' lang='lat' dir='ltr'><strong>quorum</strong></span> <span class='ocrx_word' id='word_1_257' title='bbox 576 2694 676 2744; x_wconf 86' lang='lat' dir='ltr'><strong>tamen</strong></span> <span class='ocrx_word' id='word_1_258' title='bbox 690 2684 729 2743; x_wconf 85' lang='lat' dir='ltr'><strong>sd</strong></span> <span class='ocrx_word' id='word_1_259' title='bbox 739 2684 858 2743; x_wconf 87' lang='lat' dir='ltr'><strong>amicos</strong></span> <span class='ocrx_word' id='word_1_260' title='bbox 874 2682 1026 2750; x_wconf 88' lang='lat' dir='ltr'><strong>redundet</strong></span> 
     </span>
     <span class='ocr_line' id='line_1_30' title="bbox 17 2768 1100 2847; baseline 0.003 -21"><span class='ocrx_word' id='word_1_261' title='bbox 17 2768 154 2827; x_wconf 86' lang='lat' dir='ltr'><strong>infamia.</strong></span> <span class='ocrx_word' id='word_1_262' title='bbox 183 2768 295 2827; x_wconf 82' lang='lat' dir='ltr'><strong>Tales</strong></span> <span class='ocrx_word' id='word_1_263' title='bbox 286 2768 381 2847; x_wconf 81' lang='lat' dir='ltr'><strong>rgitur</strong></span> <span class='ocrx_word' id='word_1_264' title='bbox 393 2768 542 2828; x_wconf 86' lang='lat' dir='ltr'><strong>amicitiae</strong></span> <span class='ocrx_word' id='word_1_265' title='bbox 555 2780 628 2829; x_wconf 87' lang='lat' dir='ltr'><strong>sunt</strong></span> <span class='ocrx_word' id='word_1_266' title='bbox 644 2769 817 2829; x_wconf 85' lang='lat' dir='ltr'><strong>remissione</strong></span> <span class='ocrx_word' id='word_1_267' title='bbox 830 2782 903 2829; x_wconf 83' lang='lat' dir='ltr'><strong>usu&#39;s</strong></span> <span class='ocrx_word' id='word_1_268' title='bbox 917 2770 1025 2829; x_wconf 87' lang='lat' dir='ltr'><strong>eluen-</strong></span> <span class='ocrx_word' id='word_1_269' title='bbox 1098 2782 1100 2791; x_wconf 80' lang='grc'>’</span> 
     </span>
     <span class='ocr_line' id='line_1_31' title="bbox 19 2851 1025 2955; baseline 0.003 -43"><span class='ocrx_word' id='word_1_270' title='bbox 19 2854 76 2913; x_wconf 89' lang='lat' dir='ltr'><strong>dae</strong></span> <span class='ocrx_word' id='word_1_271' title='bbox 94 2862 140 2924; x_wconf 89' lang='lat' dir='ltr'><strong>et,</strong></span> <span class='ocrx_word' id='word_1_272' title='bbox 157 2862 193 2913; x_wconf 90' lang='lat' dir='ltr'><strong>ut</strong></span> <span class='ocrx_word' id='word_1_273' title='bbox 208 2854 350 2914; x_wconf 86' lang='lat' dir='ltr'><strong>Catonem</strong></span> <span class='ocrx_word' id='word_1_274' title='bbox 366 2853 466 2913; x_wconf 87' lang='lat' dir='ltr'><strong>dicere</strong></span> <span class='ocrx_word' id='word_1_275' title='bbox 482 2851 607 2927; x_wconf 81' lang='lat' dir='ltr'><strong>audivi,</strong></span> <span class='ocrx_word' id='word_1_276' title='bbox 625 2854 800 2915; x_wconf 80' lang='lat' dir='ltr'><strong>dissuendae</strong></span> <span class='ocrx_word' id='word_1_277' title='bbox 814 2855 916 2935; x_wconf 84' lang='lat' dir='ltr'><strong>magis,</strong></span> <span class='ocrx_word' id='word_1_278' title='bbox 924 2874 1025 2955; x_wconf 87' lang='lat' dir='ltr'><strong>quam</strong></span> 
     </span>
     <span class='ocr_line' id='line_1_32' title="bbox 19 2897 1024 3019; baseline 0.003 -21"><span class='ocrx_word' id='word_1_279' title='bbox 19 2938 244 2999; x_wconf 88' lang='lat' dir='ltr'><strong>discindendae.</strong></span> <span class='ocrx_word' id='word_1_280' title='bbox 286 2939 351 2999; x_wconf 82' lang='lat' dir='ltr'><strong>Nisi</strong></span> <span class='ocrx_word' id='word_1_281' title='bbox 370 2939 517 3019; x_wconf 87' lang='lat' dir='ltr'><strong>quaedam</strong></span> <span class='ocrx_word' id='word_1_282' title='bbox 538 2897 702 3000; x_wconf 89' lang='lat' dir='ltr'><strong>admodum</strong></span> <span class='ocrx_word' id='word_1_283' title='bbox 721 2941 947 3001; x_wconf 83' lang='lat' dir='ltr'><strong>intolerabilis</strong></span> <span class='ocrx_word' id='word_1_284' title='bbox 939 2941 1024 3001; x_wconf 80' lang='lat' dir='ltr'><strong>iniu-</strong></span> 
     </span>
     <span class='ocr_line' id='line_1_33' title="bbox 17 3025 1053 3122; baseline 0.004 -39"><span class='ocrx_word' id='word_1_285' title='bbox 17 3026 64 3083; x_wconf 85' lang='lat' dir='ltr'><strong>ria</strong></span> <span class='ocrx_word' id='word_1_286' title='bbox 79 3025 234 3101; x_wconf 87' lang='lat' dir='ltr'><strong>exarserit,</strong></span> <span class='ocrx_word' id='word_1_287' title='bbox 249 3034 284 3084; x_wconf 90' lang='lat' dir='ltr'><strong>ut</strong></span> <span class='ocrx_word' id='word_1_288' title='bbox 297 3036 395 3122; x_wconf 86' lang='lat' dir='ltr'><strong>neque</strong></span> <span class='ocrx_word' id='word_1_289' title='bbox 407 3034 525 3085; x_wconf 90' lang='lat' dir='ltr'><strong>rectum</strong></span> <span class='ocrx_word' id='word_1_290' title='bbox 543 3046 642 3107; x_wconf 83' lang='lat' dir='ltr'><strong>neque</strong></span> <span class='ocrx_word' id='word_1_291' title='bbox 655 3026 813 3095; x_wconf 87' lang='lat' dir='ltr'><strong>honestum</strong></span> <span class='ocrx_word' id='word_1_292' title='bbox 831 3027 871 3087; x_wconf 87' lang='lat' dir='ltr'><strong>sit</strong></span> <span class='ocrx_word' id='word_1_293' title='bbox 885 3047 945 3089; x_wconf 90' lang='lat' dir='ltr'><strong>nec</strong></span> <span class='ocrx_word' id='word_1_294' title='bbox 957 3026 1026 3087; x_wconf 86' lang='lat' dir='ltr'><strong>fieri</strong></span> <span class='ocrx_word' id='word_1_295' title='bbox 1046 3051 1053 3063; x_wconf 92' lang='lat'><strong>·</strong></span> 
     </span>
     <span class='ocr_line' id='line_1_34' title="bbox 18 3110 1063 3192; baseline 0.003 -24"><span class='ocrx_word' id='word_1_296' title='bbox 18 3111 125 3189; x_wconf 83' lang='lat' dir='ltr'><strong>possit,</strong></span> <span class='ocrx_word' id='word_1_297' title='bbox 146 3119 266 3171; x_wconf 89' lang='lat' dir='ltr'><strong>utnon</strong></span> <span class='ocrx_word' id='word_1_298' title='bbox 287 3110 392 3170; x_wconf 73' lang='lat' dir='ltr'><strong>statim</strong></span> <span class='ocrx_word' id='word_1_299' title='bbox 411 3110 551 3171; x_wconf 86' lang='lat' dir='ltr'><strong>alienatio</strong></span> <span class='ocrx_word' id='word_1_300' title='bbox 570 3112 794 3192; x_wconf 85' lang='lat' dir='ltr'><strong>disiunctioque</strong></span> <span class='ocrx_word' id='word_1_301' title='bbox 817 3112 955 3184; x_wconf 80' lang='lat' dir='ltr'><strong>facienda</strong></span> <span class='ocrx_word' id='word_1_302' title='bbox 971 3112 1022 3180; x_wconf 84' lang='grc' dir='ltr'><strong>ιιι</strong></span> <span class='ocrx_word' id='word_1_303' title='bbox 1060 3119 1063 3123; x_wconf 83' lang='grc'>’</span> 
     </span>
     <span class='ocr_line' id='line_1_35' title="bbox 5 3196 1021 3279; baseline 0.003 -26"><span class='ocrx_word' id='word_1_304' title='bbox 5 3201 69 3261; x_wconf 74' lang='grc'><strong>77.</strong></span> <span class='ocrx_word' id='word_1_305' title='bbox 92 3196 148 3254; x_wconf 91' lang='lat' dir='ltr'><strong>Sin</strong></span> <span class='ocrx_word' id='word_1_306' title='bbox 161 3205 260 3256; x_wconf 90' lang='lat' dir='ltr'><strong>autem</strong></span> <span class='ocrx_word' id='word_1_307' title='bbox 273 3216 392 3276; x_wconf 85' lang='lat' dir='ltr'><strong>morum</strong></span> <span class='ocrx_word' id='word_1_308' title='bbox 405 3205 456 3255; x_wconf 89' lang='lat' dir='ltr'><strong>aut</strong></span> <span class='ocrx_word' id='word_1_309' title='bbox 468 3196 640 3279; x_wconf 84' lang='lat' dir='ltr'><strong>studiorum</strong></span> <span class='ocrx_word' id='word_1_310' title='bbox 655 3198 848 3258; x_wconf 90' lang='lat' dir='ltr'><strong>commutatio</strong></span> <span class='ocrx_word' id='word_1_311' title='bbox 863 3198 1021 3277; x_wconf 81' lang='lat' dir='ltr'><strong>quasdam,</strong></span> 
     </span>
     <span class='ocr_line' id='line_1_36' title="bbox 5 3270 1022 3375; baseline 0.004 -36"><span class='ocrx_word' id='word_1_312' title='bbox 5 3287 52 3339; x_wconf 69' lang='lat' dir='ltr'><strong>&#39;ut</strong></span> <span class='ocrx_word' id='word_1_313' title='bbox 67 3280 135 3341; x_wconf 89' lang='lat' dir='ltr'><strong>fieri</strong></span> <span class='ocrx_word' id='word_1_314' title='bbox 153 3283 240 3359; x_wconf 90' lang='lat' dir='ltr'><strong>solet,</strong></span> <span class='ocrx_word' id='word_1_315' title='bbox 254 3282 334 3342; x_wconf 88' lang='lat' dir='ltr'><strong>facta</strong></span> <span class='ocrx_word' id='word_1_316' title='bbox 344 3271 412 3358; x_wconf 82' lang='lat' dir='ltr'><strong>erit,</strong></span> <span class='ocrx_word' id='word_1_317' title='bbox 429 3291 481 3342; x_wconf 90' lang='lat' dir='ltr'><strong>aut</strong></span> <span class='ocrx_word' id='word_1_318' title='bbox 496 3281 529 3341; x_wconf 88' lang='lat' dir='ltr'><strong>iu</strong></span> <span class='ocrx_word' id='word_1_319' title='bbox 542 3304 588 3349; x_wconf 80' lang='lat' dir='ltr'><strong>rer</strong></span> <span class='ocrx_word' id='word_1_320' title='bbox 580 3270 740 3364; x_wconf 80' lang='lat' dir='ltr'><strong>pirblicae</strong></span> <span class='ocrx_word' id='word_1_321' title='bbox 753 3284 889 3375; x_wconf 86' lang='lat' dir='ltr'><strong>partibus</strong></span> <span class='ocrx_word' id='word_1_322' title='bbox 903 3284 1022 3344; x_wconf 86' lang='lat' dir='ltr'><strong>dissen-</strong></span> 
     </span>
     <span class='ocr_line' id='line_1_37' title="bbox 18 3360 1021 3459; baseline 0.007 -36"><span class='ocrx_word' id='word_1_323' title='bbox 18 3368 62 3425; x_wconf 92' lang='lat' dir='ltr'><strong>sio</strong></span> <span class='ocrx_word' id='word_1_324' title='bbox 81 3367 348 3427; x_wconf 81' lang='lat' dir='ltr'><strong>intercesserit-</strong></span> <span class='ocrx_word' id='word_1_325' title='bbox 303 3367 472 3447; x_wconf 88' lang='lat' dir='ltr'><strong>-loquor</strong></span> <span class='ocrx_word' id='word_1_326' title='bbox 486 3368 566 3432; x_wconf 91' lang='lat' dir='ltr'><strong>enim</strong></span> <span class='ocrx_word' id='word_1_327' title='bbox 580 3368 651 3455; x_wconf 83' lang='lat' dir='ltr'><strong>iam,</strong></span> <span class='ocrx_word' id='word_1_328' title='bbox 673 3379 708 3429; x_wconf 93' lang='lat' dir='ltr'><strong>ut</strong></span> <span class='ocrx_word' id='word_1_329' title='bbox 728 3360 849 3459; x_wconf 90' lang='lat' dir='ltr'><strong>paullo</strong></span> <span class='ocrx_word' id='word_1_330' title='bbox 851 3379 922 3429; x_wconf 87' lang='lat' dir='ltr'><strong>ante</strong></span> <span class='ocrx_word' id='word_1_331' title='bbox 945 3367 1021 3447; x_wconf 79' lang='lat' dir='ltr'><strong>dixi,</strong></span> 
     </span>
     <span class='ocr_line' id='line_1_38' title="bbox 18 3448 1069 3534; baseline 0.006 -25"><span class='ocrx_word' id='word_1_332' title='bbox 18 3472 81 3511; x_wconf 92' lang='lat' dir='ltr'><strong>non</strong></span> <span class='ocrx_word' id='word_1_333' title='bbox 95 3453 138 3513; x_wconf 92' lang='lat' dir='ltr'><strong>de</strong></span> <span class='ocrx_word' id='word_1_334' title='bbox 146 3454 343 3534; x_wconf 81' lang='lat' dir='ltr'><strong>sapientium,</strong></span> <span class='ocrx_word' id='word_1_335' title='bbox 356 3453 409 3512; x_wconf 84' lang='lat' dir='ltr'><strong>sed</strong></span> <span class='ocrx_word' id='word_1_336' title='bbox 425 3454 462 3513; x_wconf 90' lang='lat' dir='ltr'><strong>de</strong></span> <span class='ocrx_word' id='word_1_337' title='bbox 480 3456 688 3516; x_wconf 88' lang='lat' dir='ltr'><strong>communibus</strong></span> <span class='ocrx_word' id='word_1_338' title='bbox 703 3450 893 3519; x_wconf 77' lang='lat' dir='ltr'><strong>amicitiis-</strong></span> <span class='ocrx_word' id='word_1_339' title='bbox 910 3475 1022 3515; x_wconf 87' lang='lat' dir='ltr'><strong>caven·</strong></span> <span class='ocrx_word' id='word_1_340' title='bbox 1065 3448 1069 3459; x_wconf 46' lang='lat'>⁸</span> 
     </span>
     <span class='ocr_line' id='line_1_39' title="bbox 17 3536 1024 3654; baseline 0.009 -57"><span class='ocrx_word' id='word_1_341' title='bbox 17 3536 96 3654; x_wconf 83' lang='lat' dir='ltr'><strong>dum</strong></span> <span class='ocrx_word' id='word_1_342' title='bbox 105 3538 174 3619; x_wconf 83' lang='lat' dir='ltr'><strong>erit,</strong></span> <span class='ocrx_word' id='word_1_343' title='bbox 191 3559 229 3601; x_wconf 92' lang='lat' dir='ltr'><strong>ue</strong></span> <span class='ocrx_word' id='word_1_344' title='bbox 244 3560 309 3632; x_wconf 88' lang='lat' dir='ltr'><strong>uon</strong></span> <span class='ocrx_word' id='word_1_345' title='bbox 321 3539 423 3601; x_wconf 88' lang='lat' dir='ltr'><strong>solum</strong></span> <span class='ocrx_word' id='word_1_346' title='bbox 434 3540 584 3603; x_wconf 85' lang='lat' dir='ltr'><strong>amicitiae</strong></span> <span class='ocrx_word' id='word_1_347' title='bbox 603 3541 766 3633; x_wconf 82' lang='lat' dir='ltr'><strong>depositae,</strong></span> <span class='ocrx_word' id='word_1_348' title='bbox 779 3542 857 3603; x_wconf 86' lang='lat' dir='ltr'><strong>sed</strong></span> <span class='ocrx_word' id='word_1_349' title='bbox 848 3540 1024 3606; x_wconf 75' lang='lat' dir='ltr'><strong>inimicitiae</strong></span> 
     </span>
    </p>
   </div>
   <div class='ocr_carea' id='block_1_10' title="bbox 672 3619 846 3691">
    <p class='ocr_par' dir='ltr' id='par_1_14' title="bbox 672 3619 846 3691">
     <span class='ocr_line' id='line_1_40' title="bbox 672 3619 846 3691; baseline 0 0"><span class='ocrx_word' id='word_1_350' title='bbox 672 3619 846 3691; x_wconf 81' lang='lat'><strong>.5*</strong></span> 
     </span>
    </p>
   </div>
   <div class='ocr_carea' id='block_1_11' title="bbox 0 0 1172 3934">
    <p class='ocr_par' dir='ltr' id='par_1_15' title="bbox 0 0 1172 3934">
     <span class='ocr_line' id='line_1_41' title="bbox 0 0 1172 3934; baseline 0 2"><span class='ocrx_word' id='word_1_351' title='bbox 0 0 1172 3934; x_wconf 95' lang='lat' dir='ltr'><strong> </strong></span> 
     </span>
    </p>
   </div>
  </div>
 </body>
</html>
