<?xml version="1.0" encoding="UTF-8"?>
<!DOCTYPE html PUBLIC "-//W3C//DTD XHTML 1.0 Transitional//EN"
    "http://www.w3.org/TR/xhtml1/DTD/xhtml1-transitional.dtd">
<html xmlns="http://www.w3.org/1999/xhtml" xml:lang="en" lang="en">
 <head>
  <title>
</title>
<meta http-equiv="Content-Type" content="text/html;charset=utf-8" />
  <meta name='ocr-system' content='tesseract 3.04.00' />
  <meta name='ocr-capabilities' content='ocr_page ocr_carea ocr_par ocr_line ocrx_word'/>
</head>
<body>
  <div class='ocr_page' id='page_1' title='image "./mtulliiciceroni113cicegoog/mtulliiciceroni113cicegoog_0039.png"; bbox 0 0 2334 3934; ppageno 0'>
   <div class='ocr_carea' id='block_1_1' title="bbox 228 178 1080 321">
    <p class='ocr_par' dir='ltr' id='par_1_1' title="bbox 228 178 1080 321">
     <span class='ocr_line' id='line_1_1' title="bbox 228 178 1080 321; baseline 0 -43"><span class='ocrx_word' id='word_1_1' title='bbox 228 219 285 282; x_wconf 84' lang='lat' dir='ltr'><strong>ne</strong></span> <span class='ocrx_word' id='word_1_2' title='bbox 309 215 586 321; x_wconf 68' lang='lat' dir='ltr'><strong>conterere</strong></span> <span class='ocrx_word' id='word_1_3' title='bbox 616 210 714 274; x_wconf 80' lang='lat' dir='ltr'><strong>err.</strong></span> <span class='ocrx_word' id='word_1_4' title='bbox 739 199 792 282; x_wconf 72' lang='lat' dir='ltr'><strong>rt</strong></span> <span class='ocrx_word' id='word_1_5' title='bbox 814 178 882 277; x_wconf 63' lang='lat' dir='ltr'><strong>15ssx</strong></span> <span class='ocrx_word' id='word_1_6' title='bbox 949 269 953 281; x_wconf 77' lang='grc'>,</span> <span class='ocrx_word' id='word_1_7' title='bbox 1009 191 1080 279; x_wconf 64' lang='lat' dir='ltr'><strong>rr*</strong></span> 
     </span>
    </p>
   </div>
   <div class='ocr_carea' id='block_1_2' title="bbox 35 352 1116 801">
    <p class='ocr_par' dir='ltr' id='par_1_2' title="bbox 36 352 1116 716">
     <span class='ocr_line' id='line_1_2' title="bbox 39 352 1045 452; baseline -0.021 -9"><span class='ocrx_word' id='word_1_8' title='bbox 39 375 91 443; x_wconf 79' lang='lat'><strong>50.</strong></span> <span class='ocrx_word' id='word_1_9' title='bbox 107 375 189 452; x_wconf 82' lang='lat' dir='ltr'><strong>Quid</strong></span> <span class='ocrx_word' id='word_1_10' title='bbox 203 376 235 438; x_wconf 88' lang='lat' dir='ltr'><strong>in</strong></span> <span class='ocrx_word' id='word_1_11' title='bbox 248 374 414 436; x_wconf 83' lang='lat' dir='ltr'><strong>levioribus</strong></span> <span class='ocrx_word' id='word_1_12' title='bbox 423 367 542 448; x_wconf 69' lang='lat' dir='ltr'><strong>studiis,</strong></span> <span class='ocrx_word' id='word_1_13' title='bbox 552 370 710 431; x_wconf 85' lang='lat' dir='ltr'><strong>sedtnmen</strong></span> <span class='ocrx_word' id='word_1_14' title='bbox 719 356 837 440; x_wconf 67' lang='lat' dir='ltr'><strong>acutis?</strong></span> <span class='ocrx_word' id='word_1_15' title='bbox 859 361 957 436; x_wconf 86' lang='lat' dir='ltr'><strong>Quam</strong></span> <span class='ocrx_word' id='word_1_16' title='bbox 968 352 1045 442; x_wconf 72' lang='lat' dir='ltr'><strong>gau»-</strong></span> 
     </span>
     <span class='ocr_line' id='line_1_3' title="bbox 38 449 1044 536; baseline -0.014 -12"><span class='ocrx_word' id='word_1_17' title='bbox 38 464 130 526; x_wconf 79' lang='lat' dir='ltr'><strong>dobat</strong></span> <span class='ocrx_word' id='word_1_18' title='bbox 144 458 222 525; x_wconf 83' lang='lat' dir='ltr'><strong>bello</strong></span> <span class='ocrx_word' id='word_1_19' title='bbox 235 485 291 524; x_wconf 87' lang='lat' dir='ltr'><strong>suo</strong></span> <span class='ocrx_word' id='word_1_20' title='bbox 308 460 420 522; x_wconf 86' lang='lat' dir='ltr'><strong>Punico</strong></span> <span class='ocrx_word' id='word_1_21' title='bbox 434 457 578 519; x_wconf 83' lang='lat' dir='ltr'><strong>Naevius!</strong></span> <span class='ocrx_word' id='word_1_22' title='bbox 602 471 691 536; x_wconf 86' lang='lat' dir='ltr'><strong>qnam</strong></span> <span class='ocrx_word' id='word_1_23' title='bbox 705 451 890 512; x_wconf 84' lang='lat' dir='ltr'>Truculento</span> <span class='ocrx_word' id='word_1_24' title='bbox 901 449 1044 510; x_wconf 85' lang='lat' dir='ltr'><strong>Plautus!</strong></span> 
     </span>
     <span class='ocr_line' id='line_1_4' title="bbox 37 535 1116 630; baseline -0.015 -18"><span class='ocrx_word' id='word_1_25' title='bbox 37 571 130 630; x_wconf 84' lang='lat' dir='ltr'><strong>quarn</strong></span> <span class='ocrx_word' id='word_1_26' title='bbox 146 545 311 611; x_wconf 74' lang='lat' dir='ltr'><strong>Pseudolo!</strong></span> <span class='ocrx_word' id='word_1_27' title='bbox 348 546 418 608; x_wconf 87' lang='lat' dir='ltr'><strong>Vidi</strong></span> <span class='ocrx_word' id='word_1_28' title='bbox 430 546 517 604; x_wconf 80' lang='lat' dir='ltr'><strong>etiam</strong></span> <span class='ocrx_word' id='word_1_29' title='bbox 532 562 635 603; x_wconf 89' lang='lat' dir='ltr'><strong>senem</strong></span> <span class='ocrx_word' id='word_1_30' title='bbox 649 536 784 598; x_wconf 79' lang='lat' dir='ltr'><strong>Liviumr</strong></span> <span class='ocrx_word' id='word_1_31' title='bbox 812 535 868 615; x_wconf 86' lang='lat' dir='ltr'><strong>qui</strong></span> <span class='ocrx_word' id='word_1_32' title='bbox 883 555 976 613; x_wconf 90' lang='lat' dir='ltr'><strong>quum</strong></span> <span class='ocrx_word' id='word_1_33' title='bbox 990 555 1044 598; x_wconf 79' lang='lat' dir='ltr'><strong>sex</strong></span> <span class='ocrx_word' id='word_1_34' title='bbox 1081 561 1084 570; x_wconf 91' lang='lat'><em>·</em></span> <span class='ocrx_word' id='word_1_35' title='bbox 1109 539 1116 543; x_wconf 80' lang='grc'><strong>’</strong></span> 
     </span>
     <span class='ocr_line' id='line_1_5' title="bbox 36 619 1082 716; baseline -0.016 -20"><span class='ocrx_word' id='word_1_36' title='bbox 36 637 125 696; x_wconf 81' lang='lat' dir='ltr'><strong>aunis</strong></span> <span class='ocrx_word' id='word_1_37' title='bbox 139 646 218 711; x_wconf 89' lang='lat' dir='ltr'><strong>ante,</strong></span> <span class='ocrx_word' id='word_1_38' title='bbox 240 651 329 716; x_wconf 71' lang='lat' dir='ltr'><strong>quern</strong></span> <span class='ocrx_word' id='word_1_39' title='bbox 344 651 397 711; x_wconf 88' lang='lat' dir='ltr'><strong>ego</strong></span> <span class='ocrx_word' id='word_1_40' title='bbox 411 641 500 692; x_wconf 85' lang='lat' dir='ltr'><strong>natu‘s</strong></span> <span class='ocrx_word' id='word_1_41' title='bbox 515 649 593 703; x_wconf 86' lang='lat' dir='ltr'><strong>sum,</strong></span> <span class='ocrx_word' id='word_1_42' title='bbox 614 625 747 686; x_wconf 84' lang='lat' dir='ltr'><strong>fabulam</strong></span> <span class='ocrx_word' id='word_1_43' title='bbox 763 622 931 695; x_wconf 80' lang='lat' dir='ltr'><strong>docuisset,</strong></span> <span class='ocrx_word' id='word_1_44' title='bbox 960 619 1055 680; x_wconf 75' lang='lat' dir='ltr'><strong>Gen-²</strong></span> <span class='ocrx_word' id='word_1_45' title='bbox 1079 676 1082 679; x_wconf 76' lang='grc'>,</span> 
     </span>
    </p>

    <p class='ocr_par' dir='ltr' id='par_1_3' title="bbox 35 698 1105 801">
     <span class='ocr_line' id='line_1_6' title="bbox 35 698 1105 801; baseline -0.018 -19"><span class='ocrx_word' id='word_1_46' title='bbox 35 723 327 801; x_wconf 79' lang='lat' dir='ltr'><strong>toneTuditauoque</strong></span> <span class='ocrx_word' id='word_1_47' title='bbox 343 717 526 794; x_wconf 80' lang='lat' dir='ltr'><strong>consulibus,</strong></span> <span class='ocrx_word' id='word_1_48' title='bbox 548 705 932 793; x_wconf 85' lang='lat' dir='ltr'><strong>usqueudadolescentiem</strong></span> <span class='ocrx_word' id='word_1_49' title='bbox 944 726 1042 766; x_wconf 87' lang='lat' dir='ltr'><strong>meam</strong></span> <span class='ocrx_word' id='word_1_50' title='bbox 1063 698 1071 716; x_wconf 77' lang='grc'>”</span> <span class='ocrx_word' id='word_1_51' title='bbox 1093 720 1105 743; x_wconf 83' lang='lat'><strong>-‘</strong></span> 
     </span>
    </p>
   </div>
   <div class='ocr_carea' id='block_1_3' title="bbox 35 789 1159 888">
    <p class='ocr_par' dir='ltr' id='par_1_4' title="bbox 35 789 1159 888">
     <span class='ocr_line' id='line_1_7' title="bbox 35 789 1159 888; baseline -0.02 -19"><span class='ocrx_word' id='word_1_52' title='bbox 35 808 187 888; x_wconf 71' lang='lat' dir='ltr'><strong>processit</strong></span> <span class='ocrx_word' id='word_1_53' title='bbox 200 817 305 868; x_wconf 84' lang='lat' dir='ltr'><strong>aetate.</strong></span> <span class='ocrx_word' id='word_1_54' title='bbox 348 804 432 881; x_wconf 89' lang='lat' dir='ltr'>Quid</span> <span class='ocrx_word' id='word_1_55' title='bbox 448 805 486 864; x_wconf 90' lang='lat' dir='ltr'><strong>de</strong></span> <span class='ocrx_word' id='word_1_56' title='bbox 499 804 533 862; x_wconf 88' lang='lat' dir='ltr'><strong>P.</strong></span> <span class='ocrx_word' id='word_1_57' title='bbox 547 797 645 861; x_wconf 86' lang='lat' dir='ltr'><strong>Crassi</strong></span> <span class='ocrx_word' id='word_1_58' title='bbox 667 804 698 856; x_wconf 87' lang='lat' dir='ltr'><strong>et</strong></span> <span class='ocrx_word' id='word_1_59' title='bbox 721 791 868 875; x_wconf 86' lang='lat' dir='ltr'><strong>pontificii</strong></span> <span class='ocrx_word' id='word_1_60' title='bbox 892 800 922 850; x_wconf 90' lang='lat' dir='ltr'><strong>et</strong></span> <span class='ocrx_word' id='word_1_61' title='bbox 942 789 1064 852; x_wconf 88' lang='lat' dir='ltr'><strong>civilis.</strong></span> <span class='ocrx_word' id='word_1_62' title='bbox 1155 837 1159 846; x_wconf 92' lang='lat'>.</span> 
     </span>
    </p>
   </div>
   <div class='ocr_carea' id='block_1_4' title="bbox 8 875 1148 3121">
    <p class='ocr_par' dir='ltr' id='par_1_5' title="bbox 8 875 1148 3121">
     <span class='ocr_line' id='line_1_8' title="bbox 34 875 1120 972; baseline -0.015 -20"><span class='ocrx_word' id='word_1_63' title='bbox 34 895 111 960; x_wconf 83' lang='lat' dir='ltr'><strong>iuris</strong></span> <span class='ocrx_word' id='word_1_64' title='bbox 127 894 228 954; x_wconf 79' lang='lat' dir='ltr'><strong>studio</strong></span> <span class='ocrx_word' id='word_1_65' title='bbox 242 892 370 972; x_wconf 81' lang='lat' dir='ltr'><strong>loquarl</strong></span> <span class='ocrx_word' id='word_1_66' title='bbox 399 895 454 949; x_wconf 84' lang='lat' dir='ltr'><strong>aut</strong></span> <span class='ocrx_word' id='word_1_67' title='bbox 466 889 503 950; x_wconf 90' lang='lat' dir='ltr'><strong>de</strong></span> <span class='ocrx_word' id='word_1_68' title='bbox 517 886 607 948; x_wconf 83' lang='lat' dir='ltr'><strong>huius</strong></span> <span class='ocrx_word' id='word_1_69' title='bbox 621 882 785 963; x_wconf 70' lang='lat' dir='ltr'><strong>Scipionis,</strong></span> <span class='ocrx_word' id='word_1_70' title='bbox 808 877 861 959; x_wconf 90' lang='lat' dir='ltr'><strong>qui</strong></span> <span class='ocrx_word' id='word_1_71' title='bbox 873 875 922 967; x_wconf 82' lang='lat' dir='ltr'><strong>lris</strong></span> <span class='ocrx_word' id='word_1_72' title='bbox 934 876 1041 958; x_wconf 78' lang='lat' dir='ltr'><strong>paucio</strong></span> <span class='ocrx_word' id='word_1_73' title='bbox 1117 907 1120 912; x_wconf 94' lang='lat'><em>·</em></span> 
     </span>
     <span class='ocr_line' id='line_1_9' title="bbox 35 964 1047 1060; baseline -0.018 -21"><span class='ocrx_word' id='word_1_74' title='bbox 35 979 143 1040; x_wconf 83' lang='lat' dir='ltr'><strong>diebus</strong></span> <span class='ocrx_word' id='word_1_75' title='bbox 166 980 305 1060; x_wconf 80' lang='lat' dir='ltr'><strong>pontifex</strong></span> <span class='ocrx_word' id='word_1_76' title='bbox 326 975 593 1046; x_wconf 60' lang='lat' dir='ltr'><strong>minueremus</strong></span> <span class='ocrx_word' id='word_1_77' title='bbox 616 971 678 1029; x_wconf 85' lang='lat' dir='ltr'><strong>est!</strong></span> <span class='ocrx_word' id='word_1_78' title='bbox 713 964 816 1045; x_wconf 80' lang='lat' dir='ltr'><strong>‚Atqui</strong></span> <span class='ocrx_word' id='word_1_79' title='bbox 846 979 895 1024; x_wconf 87' lang='lat' dir='ltr'><strong>cos</strong></span> <span class='ocrx_word' id='word_1_80' title='bbox 924 983 1047 1040; x_wconf 84' lang='lat' dir='ltr'><strong>onmes,</strong></span> 
     </span>
     <span class='ocr_line' id='line_1_10' title="bbox 34 1048 1083 1144; baseline -0.018 -18"><span class='ocrx_word' id='word_1_81' title='bbox 34 1085 112 1144; x_wconf 83' lang='lat' dir='ltr'><strong>quoe</strong></span> <span class='ocrx_word' id='word_1_82' title='bbox 132 1063 380 1136; x_wconf 81' lang='lat' dir='ltr'><strong>commemoravi,</strong></span> <span class='ocrx_word' id='word_1_83' title='bbox 409 1052 467 1120; x_wconf 76' lang='lat' dir='ltr'><strong>hie&#39;</strong></span> <span class='ocrx_word' id='word_1_84' title='bbox 481 1059 588 1120; x_wconf 84' lang='lat' dir='ltr'><strong>studiis</strong></span> <span class='ocrx_word' id='word_1_85' title='bbox 606 1056 768 1132; x_wconf 83' lang='lat' dir='ltr'><strong>flagrantes</strong></span> <span class='ocrx_word' id='word_1_86' title='bbox 793 1070 877 1110; x_wconf 86' lang='lat' dir='ltr'><strong>senes</strong></span> <span class='ocrx_word' id='word_1_87' title='bbox 896 1048 1039 1115; x_wconf 85' lang='lat' dir='ltr'><strong>vidimus.</strong></span> <span class='ocrx_word' id='word_1_88' title='bbox 1074 1059 1083 1069; x_wconf 73' lang='grc'><strong>’</strong></span> 
     </span>
     <span class='ocr_line' id='line_1_11' title="bbox 32 1133 1079 1228; baseline -0.023 -16"><span class='ocrx_word' id='word_1_89' title='bbox 32 1151 75 1212; x_wconf 89' lang='grc' dir='ltr'><strong>Μ.</strong></span> <span class='ocrx_word' id='word_1_90' title='bbox 91 1171 165 1212; x_wconf 80' lang='lat' dir='ltr'><strong>vero</strong></span> <span class='ocrx_word' id='word_1_91' title='bbox 180 1149 354 1228; x_wconf 73' lang='lat' dir='ltr'><strong>Cethegum,</strong></span> <span class='ocrx_word' id='word_1_92' title='bbox 376 1167 466 1228; x_wconf 86' lang='lat' dir='ltr'><strong>quern</strong></span> <span class='ocrx_word' id='word_1_93' title='bbox 476 1141 692 1211; x_wconf 70' lang='lat' dir='ltr'><strong>recteSuadrre</strong></span> <span class='ocrx_word' id='word_1_94' title='bbox 705 1136 875 1198; x_wconf 83' lang='lat' dir='ltr'><strong>medullam</strong></span> <span class='ocrx_word' id='word_1_95' title='bbox 886 1133 1039 1202; x_wconf 79' lang='lat' dir='ltr'><strong>dixitEn·</strong></span> <span class='ocrx_word' id='word_1_96' title='bbox 1075 1152 1079 1157; x_wconf 67' lang='grc'><strong><em>’</em></strong></span> 
     </span>
     <span class='ocr_line' id='line_1_12' title="bbox 31 1215 1074 1316; baseline -0.02 -21"><span class='ocrx_word' id='word_1_97' title='bbox 31 1237 123 1313; x_wconf 87' lang='lat' dir='ltr'><strong>niue,</strong></span> <span class='ocrx_word' id='word_1_98' title='bbox 149 1247 263 1316; x_wconf 83' lang='lat' dir='ltr'><strong>quanto</strong></span> <span class='ocrx_word' id='word_1_99' title='bbox 284 1233 386 1295; x_wconf 89' lang='lat' dir='ltr'><strong>studio</strong></span> <span class='ocrx_word' id='word_1_100' title='bbox 403 1231 538 1292; x_wconf 84' lang='lat' dir='ltr'><strong>exerceri</strong></span> <span class='ocrx_word' id='word_1_101' title='bbox 557 1226 733 1288; x_wconf 87' lang='lat' dir='ltr'><strong>indicendo</strong></span> <span class='ocrx_word' id='word_1_102' title='bbox 751 1215 1044 1283; x_wconf 55' lang='lat' dir='ltr'><strong>videbamue‘etiauc</strong></span> <span class='ocrx_word' id='word_1_103' title='bbox 1069 1263 1074 1274; x_wconf 88' lang='grc'><em>,</em></span> 
     </span>
     <span class='ocr_line' id='line_1_13' title="bbox 31 1310 1053 1398; baseline -0.018 -17"><span class='ocrx_word' id='word_1_104' title='bbox 31 1323 153 1393; x_wconf 76' lang='lat' dir='ltr'><strong>senem!</strong></span> <span class='ocrx_word' id='word_1_105' title='bbox 184 1322 269 1396; x_wconf 82' lang='lat' dir='ltr'><strong>Quae</strong></span> <span class='ocrx_word' id='word_1_106' title='bbox 285 1329 356 1392; x_wconf 82' lang='lat' dir='ltr'><strong>eunt</strong></span> <span class='ocrx_word' id='word_1_107' title='bbox 369 1319 463 1398; x_wconf 86' lang='lat' dir='ltr'><strong>igitur</strong></span> <span class='ocrx_word' id='word_1_108' title='bbox 476 1317 634 1396; x_wconf 86' lang='lat' dir='ltr'><strong>epularum</strong></span> <span class='ocrx_word' id='word_1_109' title='bbox 648 1319 702 1371; x_wconf 84' lang='lat' dir='ltr'><strong>aut</strong></span> <span class='ocrx_word' id='word_1_110' title='bbox 717 1310 858 1369; x_wconf 87' lang='lat' dir='ltr'><strong>ludorum</strong></span> <span class='ocrx_word' id='word_1_111' title='bbox 877 1316 940 1388; x_wconf 29' lang='lat' dir='ltr'><strong>aut,</strong></span> <span class='ocrx_word' id='word_1_112' title='bbox 950 1326 1053 1382; x_wconf 32' lang='lat' dir='ltr'><strong>scor-¹</strong></span> 
     </span>
     <span class='ocr_line' id='line_1_14' title="bbox 8 1392 1127 1488; baseline -0.018 -22"><span class='ocrx_word' id='word_1_113' title='bbox 8 1405 137 1474; x_wconf 70' lang='lat' dir='ltr'><strong>&#39;terum</strong></span> <span class='ocrx_word' id='word_1_114' title='bbox 148 1407 321 1488; x_wconf 84' lang='lat' dir='ltr'><strong>voluptates</strong></span> <span class='ocrx_word' id='word_1_115' title='bbox 337 1425 407 1466; x_wconf 85' lang='lat' dir='ltr'><strong>cum</strong></span> <span class='ocrx_word' id='word_1_116' title='bbox 421 1399 689 1480; x_wconf 81' lang='lat' dir='ltr'><strong>hiovoluptatibus</strong></span> <span class='ocrx_word' id='word_1_117' title='bbox 705 1392 943 1474; x_wconf 76' lang='lat' dir='ltr'><strong>comparandaet</strong></span> <span class='ocrx_word' id='word_1_118' title='bbox 979 1392 1044 1468; x_wconf 57' lang='lat' dir='ltr'><strong>te,</strong></span> <span class='ocrx_word' id='word_1_119' title='bbox 1125 1422 1127 1431; x_wconf 33' lang='lat' dir='ltr'>x</span> 
     </span>
     <span class='ocr_line' id='line_1_15' title="bbox 31 1472 1148 1572; baseline -0.02 -19"><span class='ocrx_word' id='word_1_120' title='bbox 31 1513 94 1572; x_wconf 88' lang='lat' dir='ltr'><strong>que</strong></span> <span class='ocrx_word' id='word_1_121' title='bbox 108 1491 318 1572; x_wconf 85' lang='lat' dir='ltr'><strong>haecquidem</strong></span> <span class='ocrx_word' id='word_1_122' title='bbox 333 1489 488 1550; x_wconf 86' lang='lat' dir='ltr'><strong>doctrinae</strong></span> <span class='ocrx_word' id='word_1_123' title='bbox 506 1487 615 1566; x_wconf 85' lang='lat' dir='ltr'><strong>studia.</strong></span> <span class='ocrx_word' id='word_1_124' title='bbox 660 1483 743 1557; x_wconf 86' lang='lat' dir='ltr'><strong>Quae</strong></span> <span class='ocrx_word' id='word_1_125' title='bbox 757 1472 879 1560; x_wconf 78' lang='lat' dir='ltr'><strong>quidem</strong></span> <span class='ocrx_word' id='word_1_126' title='bbox 893 1474 1037 1558; x_wconf 88' lang='lat' dir='ltr'><strong>pruden-</strong></span> <span class='ocrx_word' id='word_1_127' title='bbox 1141 1472 1148 1492; x_wconf 66' lang='grc'><em>“</em></span> 
     </span>
     <span class='ocr_line' id='line_1_16' title="bbox 11 1559 1036 1657; baseline -0.019 -20"><span class='ocrx_word' id='word_1_128' title='bbox 11 1581 15 1586; x_wconf 91' lang='grc'><strong>’</strong></span> <span class='ocrx_word' id='word_1_129' title='bbox 30 1579 116 1638; x_wconf 86' lang='lat' dir='ltr'><strong>tibus</strong></span> <span class='ocrx_word' id='word_1_130' title='bbox 134 1573 164 1637; x_wconf 84' lang='lat' dir='ltr'><strong>et</strong></span> <span class='ocrx_word' id='word_1_131' title='bbox 178 1577 253 1637; x_wconf 85' lang='lat' dir='ltr'><strong>bene</strong></span> <span class='ocrx_word' id='word_1_132' title='bbox 267 1575 414 1637; x_wconf 85' lang='lat' dir='ltr'><strong>institutis</strong></span> <span class='ocrx_word' id='word_1_133' title='bbox 426 1574 539 1657; x_wconf 72' lang='lat' dir='ltr'><strong>pariter</strong></span> <span class='ocrx_word' id='word_1_134' title='bbox 554 1579 623 1632; x_wconf 84' lang='lat' dir='ltr'><strong>curn</strong></span> <span class='ocrx_word' id='word_1_135' title='bbox 640 1578 736 1647; x_wconf 82' lang='lat' dir='ltr'><strong>aetate</strong></span> <span class='ocrx_word' id='word_1_136' title='bbox 750 1572 904 1647; x_wconf 86' lang='lat' dir='ltr'><strong>crescunt;</strong></span> <span class='ocrx_word' id='word_1_137' title='bbox 927 1570 962 1620; x_wconf 90' lang='lat' dir='ltr'><strong>ut</strong></span> <span class='ocrx_word' id='word_1_138' title='bbox 974 1559 1036 1620; x_wconf 82' lang='lat' dir='ltr'><strong>he-</strong></span> 
     </span>
     <span class='ocr_line' id='line_1_17' title="bbox 29 1648 1037 1739; baseline -0.018 -16"><span class='ocrx_word' id='word_1_139' title='bbox 29 1673 152 1723; x_wconf 86' lang='lat' dir='ltr'><strong>nestmn</strong></span> <span class='ocrx_word' id='word_1_140' title='bbox 173 1663 250 1724; x_wconf 88' lang='lat' dir='ltr'><strong>illud</strong></span> <span class='ocrx_word' id='word_1_141' title='bbox 266 1661 385 1724; x_wconf 88' lang='lat' dir='ltr'><strong>Selenis</strong></span> <span class='ocrx_word' id='word_1_142' title='bbox 405 1661 461 1737; x_wconf 83' lang='lat' dir='ltr'><strong>sit,</strong></span> <span class='ocrx_word' id='word_1_143' title='bbox 490 1659 573 1739; x_wconf 87' lang='lat' dir='ltr'><strong>quod</strong></span> <span class='ocrx_word' id='word_1_144' title='bbox 593 1656 636 1716; x_wconf 86' lang='lat' dir='ltr'><strong>ait</strong></span> <span class='ocrx_word' id='word_1_145' title='bbox 656 1653 806 1716; x_wconf 85' lang='lat' dir='ltr'><strong>versiculo</strong></span> <span class='ocrx_word' id='word_1_146' title='bbox 825 1648 971 1728; x_wconf 87' lang='lat' dir='ltr'><strong>quodam,</strong></span> <span class='ocrx_word' id='word_1_147' title='bbox 999 1653 1037 1706; x_wconf 89' lang='lat' dir='ltr'><strong>ut</strong></span> 
     </span>
     <span class='ocr_line' id='line_1_18' title="bbox 31 1739 1087 1829; baseline -0.019 -21"><span class='ocrx_word' id='word_1_148' title='bbox 31 1759 104 1808; x_wconf 79' lang='lat' dir='ltr'><strong>ante</strong></span> <span class='ocrx_word' id='word_1_149' title='bbox 117 1747 199 1829; x_wconf 83' lang='lat' dir='ltr'><strong>dixi,</strong></span> <span class='ocrx_word' id='word_1_150' title='bbox 219 1753 409 1815; x_wconf 75' lang='lat' dir='ltr'><strong>senescerere</strong></span> <span class='ocrx_word' id='word_1_151' title='bbox 424 1746 525 1804; x_wconf 81' lang='lat' dir='ltr'><strong>multa</strong></span> <span class='ocrx_word' id='word_1_152' title='bbox 538 1743 639 1803; x_wconf 80' lang='lat' dir='ltr'><strong>indies</strong></span> <span class='ocrx_word' id='word_1_153' title='bbox 656 1739 882 1800; x_wconf 71' lang='lat' dir='ltr'><strong>addiscentemt&#39;</strong></span> <span class='ocrx_word' id='word_1_154' title='bbox 903 1740 962 1812; x_wconf 89' lang='lat' dir='ltr'><strong>qu&#39;a</strong></span> <span class='ocrx_word' id='word_1_155' title='bbox 976 1751 1037 1791; x_wconf 86' lang='lat' dir='ltr'><strong>vo-</strong></span> <span class='ocrx_word' id='word_1_156' title='bbox 1063 1792 1064 1799; x_wconf 7' lang='grc' dir='ltr'><strong><em>ῒ</em></strong></span> <span class='ocrx_word' id='word_1_157' title='bbox 1084 1766 1087 1776; x_wconf 45' lang='grc' dir='ltr'><em>ι</em></span> 
     </span>
     <span class='ocr_line' id='line_1_19' title="bbox 29 1817 1140 1915; baseline -0.019 -21"><span class='ocrx_word' id='word_1_158' title='bbox 29 1835 149 1915; x_wconf 88' lang='lat' dir='ltr'><strong>luptate</strong></span> <span class='ocrx_word' id='word_1_159' title='bbox 163 1834 256 1894; x_wconf 86' lang='lat' dir='ltr'><strong>animi</strong></span> <span class='ocrx_word' id='word_1_160' title='bbox 267 1835 353 1898; x_wconf 49' lang='lat' dir='ltr'><strong>¹nulla</strong></span> <span class='ocrx_word' id='word_1_161' title='bbox 370 1841 450 1892; x_wconf 89' lang='lat' dir='ltr'><strong>certo</strong></span> <span class='ocrx_word' id='word_1_162' title='bbox 462 1840 562 1912; x_wconf 88' lang='lat' dir='ltr'><strong>potest</strong></span> <span class='ocrx_word' id='word_1_163' title='bbox 583 1821 647 1890; x_wconf 80' lang='lat' dir='ltr'><strong>esse</strong></span> <span class='ocrx_word' id='word_1_164' title='bbox 659 1826 764 1886; x_wconf 79' lang='lat' dir='ltr'><strong>maior.</strong></span> <span class='ocrx_word' id='word_1_165' title='bbox 806 1818 872 1882; x_wconf 79' lang='lat' dir='ltr'><strong>XV.</strong></span> <span class='ocrx_word' id='word_1_166' title='bbox 894 1822 945 1890; x_wconf 89' lang='lat'><strong>51.</strong></span> <span class='ocrx_word' id='word_1_167' title='bbox 962 1817 1036 1877; x_wconf 72' lang='lat' dir='ltr'><strong>‘Ve-</strong></span> <span class='ocrx_word' id='word_1_168' title='bbox 1134 1883 1140 1910; x_wconf 42' lang='grc' dir='ltr'><em>Ι</em></span> 
     </span>
     <span class='ocr_line' id='line_1_20' title="bbox 29 1901 1083 2001; baseline -0.019 -22"><span class='ocrx_word' id='word_1_169' title='bbox 29 1920 84 1979; x_wconf 89' lang='lat' dir='ltr'><strong>nio</strong></span> <span class='ocrx_word' id='word_1_170' title='bbox 98 1941 181 1979; x_wconf 90' lang='lat' dir='ltr'><strong>nuuc</strong></span> <span class='ocrx_word' id='word_1_171' title='bbox 197 1919 236 1980; x_wconf 87' lang='lat' dir='ltr'><strong>ad</strong></span> <span class='ocrx_word' id='word_1_172' title='bbox 250 1920 420 2001; x_wconf 83' lang='lat' dir='ltr'><strong>voluptates</strong></span> <span class='ocrx_word' id='word_1_173' title='bbox 436 1917 648 1995; x_wconf 83' lang='lat' dir='ltr'><strong>agricolarum,</strong></span> <span class='ocrx_word' id='word_1_174' title='bbox 675 1911 784 1991; x_wconf 76' lang='lat' dir='ltr'><strong>quibui</strong></span> <span class='ocrx_word' id='word_1_175' title='bbox 798 1927 851 1986; x_wconf 86' lang='lat' dir='ltr'><strong>ego</strong></span> <span class='ocrx_word' id='word_1_176' title='bbox 866 1901 1033 1966; x_wconf 88' lang='lat' dir='ltr'><strong>incredibi-</strong></span> <span class='ocrx_word' id='word_1_177' title='bbox 1074 1939 1083 1947; x_wconf 80' lang='grc'><strong>-</strong></span> 
     </span>
     <span class='ocr_line' id='line_1_21' title="bbox 10 1985 1113 2085; baseline -0.022 -19"><span class='ocrx_word' id='word_1_178' title='bbox 10 2006 103 2074; x_wconf 66' lang='lat' dir='ltr'><strong>,liter</strong></span> <span class='ocrx_word' id='word_1_179' title='bbox 113 2006 263 2066; x_wconf 77' lang='lat' dir='ltr'><strong>delectere</strong></span> <span class='ocrx_word' id='word_1_180' title='bbox 277 2026 362 2085; x_wconf 78' lang='lat' dir='ltr'><strong>=quae</strong></span> <span class='ocrx_word' id='word_1_181' title='bbox 372 2023 428 2064; x_wconf 89' lang='lat' dir='ltr'><strong>nec</strong></span> <span class='ocrx_word' id='word_1_182' title='bbox 437 2003 501 2062; x_wconf 83' lang='lat' dir='ltr'><strong>ulla</strong></span> <span class='ocrx_word' id='word_1_183' title='bbox 514 1999 722 2080; x_wconf 87' lang='lat' dir='ltr'><strong>impediuntur</strong></span> <span class='ocrx_word' id='word_1_184' title='bbox 735 2001 897 2070; x_wconf 87' lang='lat' dir='ltr'><strong>senectute,</strong></span> <span class='ocrx_word' id='word_1_185' title='bbox 915 1985 1034 2069; x_wconf 76' lang='lat' dir='ltr'><strong>etmihi</strong></span> <span class='ocrx_word' id='word_1_186' title='bbox 1096 1987 1113 2030; x_wconf 87' lang='grc'><strong>’-</strong></span> 
     </span>
     <span class='ocr_line' id='line_1_22' title="bbox 30 2074 1033 2170; baseline -0.018 -20"><span class='ocrx_word' id='word_1_187' title='bbox 30 2091 69 2152; x_wconf 87' lang='lat' dir='ltr'><strong>ad</strong></span> <span class='ocrx_word' id='word_1_188' title='bbox 92 2091 237 2170; x_wconf 80' lang='lat' dir='ltr'><strong>rapientis</strong></span> <span class='ocrx_word' id='word_1_189' title='bbox 257 2091 350 2155; x_wconf 84' lang='lat' dir='ltr'><strong>vitam</strong></span> <span class='ocrx_word' id='word_1_190' title='bbox 374 2088 513 2170; x_wconf 84' lang='lat' dir='ltr'><strong>proxime</strong></span> <span class='ocrx_word' id='word_1_191' title='bbox 539 2087 684 2148; x_wconf 85' lang='lat' dir='ltr'><strong>videntur</strong></span> <span class='ocrx_word' id='word_1_192' title='bbox 706 2081 857 2142; x_wconf 82' lang='lat' dir='ltr'><strong>secedere.</strong></span> <span class='ocrx_word' id='word_1_193' title='bbox 914 2074 1033 2134; x_wconf 84' lang='lat' dir='ltr'><strong>Habent</strong></span> 
     </span>
     <span class='ocr_line' id='line_1_23' title="bbox 29 2159 1032 2252; baseline -0.021 -14"><span class='ocrx_word' id='word_1_194' title='bbox 29 2176 111 2238; x_wconf 86' lang='lat' dir='ltr'><strong>enim</strong></span> <span class='ocrx_word' id='word_1_195' title='bbox 124 2172 272 2237; x_wconf 82' lang='lat' dir='ltr'><strong>rationein</strong></span> <span class='ocrx_word' id='word_1_196' title='bbox 284 2179 355 2236; x_wconf 85' lang='lat' dir='ltr'><strong>cunr</strong></span> <span class='ocrx_word' id='word_1_197' title='bbox 367 2184 456 2251; x_wconf 87' lang='lat' dir='ltr'><strong>terra,</strong></span> <span class='ocrx_word' id='word_1_198' title='bbox 479 2192 555 2252; x_wconf 84' lang='lat' dir='ltr'><strong>quae</strong></span> <span class='ocrx_word' id='word_1_199' title='bbox 567 2190 731 2250; x_wconf 87' lang='lat' dir='ltr'><strong>numquam</strong></span> <span class='ocrx_word' id='word_1_200' title='bbox 737 2173 856 2228; x_wconf 78' lang='lat' dir='ltr'><strong>recusat</strong></span> <span class='ocrx_word' id='word_1_201' title='bbox 862 2159 1032 2242; x_wconf 89' lang='lat' dir='ltr'><strong>imperium,</strong></span> 
     </span>
     <span class='ocr_line' id='line_1_24' title="bbox 27 2244 1127 2347; baseline -0.02 -25"><span class='ocrx_word' id='word_1_202' title='bbox 27 2283 87 2322; x_wconf 88' lang='lat' dir='ltr'><strong>nec</strong></span> <span class='ocrx_word' id='word_1_203' title='bbox 104 2265 336 2347; x_wconf 78' lang='lat' dir='ltr'><strong>umquameine</strong></span> <span class='ocrx_word' id='word_1_204' title='bbox 360 2279 449 2324; x_wconf 80' lang='lat' dir='ltr'><strong>usura</strong></span> <span class='ocrx_word' id='word_1_205' title='bbox 474 2258 592 2336; x_wconf 86' lang='lat' dir='ltr'><strong>reddit,</strong></span> <span class='ocrx_word' id='word_1_206' title='bbox 621 2255 704 2336; x_wconf 88' lang='lat' dir='ltr'><strong>quod</strong></span> <span class='ocrx_word' id='word_1_207' title='bbox 722 2253 859 2334; x_wconf 70' lang='lat' dir='ltr'><strong>accepite</strong></span> <span class='ocrx_word' id='word_1_208' title='bbox 883 2245 936 2308; x_wconf 88' lang='lat' dir='ltr'><strong>sed</strong></span> <span class='ocrx_word' id='word_1_209' title='bbox 957 2244 1032 2331; x_wconf 75' lang='lat' dir='ltr'><strong>alias</strong></span> <span class='ocrx_word' id='word_1_210' title='bbox 1120 2245 1127 2256; x_wconf 85' lang='lat'><strong><em>‘</em></strong></span> 
     </span>
     <span class='ocr_line' id='line_1_25' title="bbox 27 2339 1032 2430; baseline -0.018 -24"><span class='ocrx_word' id='word_1_211' title='bbox 27 2349 163 2420; x_wconf 83' lang='lat' dir='ltr'><strong>minore,</strong></span> <span class='ocrx_word' id='word_1_212' title='bbox 193 2348 372 2430; x_wconf 89' lang='lat' dir='ltr'><strong>plerumque</strong></span> <span class='ocrx_word' id='word_1_213' title='bbox 392 2345 506 2406; x_wconf 87' lang='lat' dir='ltr'><strong>maiore</strong></span> <span class='ocrx_word' id='word_1_214' title='bbox 521 2365 592 2406; x_wconf 87' lang='lat' dir='ltr'><strong>curn</strong></span> <span class='ocrx_word' id='word_1_215' title='bbox 608 2343 720 2402; x_wconf 84' lang='lat' dir='ltr'><strong>fenore.</strong></span> <span class='ocrx_word' id='word_1_216' title='bbox 769 2339 960 2413; x_wconf 82' lang='lat' dir='ltr'><strong>Quamquam</strong></span> <span class='ocrx_word' id='word_1_217' title='bbox 982 2348 1032 2390; x_wconf 87' lang='lat' dir='ltr'><strong>me</strong></span> 
     </span>
     <span class='ocr_line' id='line_1_26' title="bbox 28 2417 1076 2512; baseline -0.022 -19"><span class='ocrx_word' id='word_1_218' title='bbox 28 2433 151 2512; x_wconf 86' lang='lat' dir='ltr'><strong>quidem</strong></span> <span class='ocrx_word' id='word_1_219' title='bbox 163 2454 227 2492; x_wconf 90' lang='lat' dir='ltr'><strong>non</strong></span> <span class='ocrx_word' id='word_1_220' title='bbox 243 2434 364 2498; x_wconf 77' lang='lat' dir='ltr'><strong>fructus</strong></span> <span class='ocrx_word' id='word_1_221' title='bbox 379 2431 487 2509; x_wconf 86' lang='lat' dir='ltr'><strong>medo,</strong></span> <span class='ocrx_word' id='word_1_222' title='bbox 514 2429 568 2491; x_wconf 87' lang='lat' dir='ltr'><strong>sed</strong></span> <span class='ocrx_word' id='word_1_223' title='bbox 588 2428 677 2489; x_wconf 89' lang='lat' dir='ltr'><strong>otiam</strong></span> <span class='ocrx_word' id='word_1_224' title='bbox 697 2423 792 2505; x_wconf 90' lang='lat' dir='ltr'><strong>ipsius</strong></span> <span class='ocrx_word' id='word_1_225' title='bbox 810 2432 908 2482; x_wconf 89' lang='lat' dir='ltr'><strong>terrae</strong></span> <span class='ocrx_word' id='word_1_226' title='bbox 927 2417 974 2476; x_wconf 85' lang='lat' dir='ltr'><strong>vie</strong></span> <span class='ocrx_word' id='word_1_227' title='bbox 994 2433 1031 2472; x_wconf 86' lang='lat' dir='ltr'><strong>ac</strong></span> <span class='ocrx_word' id='word_1_228' title='bbox 1069 2431 1076 2440; x_wconf 91' lang='lat'><em>·</em></span> 
     </span>
     <span class='ocr_line' id='line_1_27' title="bbox 26 2502 1029 2597; baseline -0.02 -20"><span class='ocrx_word' id='word_1_229' title='bbox 26 2529 137 2580; x_wconf 83' lang='lat' dir='ltr'><strong>natura</strong></span> <span class='ocrx_word' id='word_1_230' title='bbox 158 2519 297 2580; x_wconf 83' lang='lat' dir='ltr'><strong>delectet.</strong></span> <span class='ocrx_word' id='word_1_231' title='bbox 346 2517 431 2594; x_wconf 86' lang='lat' dir='ltr'><strong>Quae</strong></span> <span class='ocrx_word' id='word_1_232' title='bbox 452 2537 546 2597; x_wconf 87' lang='lat' dir='ltr'><strong>quum</strong></span> <span class='ocrx_word' id='word_1_233' title='bbox 570 2513 690 2594; x_wconf 87' lang='lat' dir='ltr'><strong>gremio·</strong></span> <span class='ocrx_word' id='word_1_234' title='bbox 703 2508 821 2568; x_wconf 89' lang='lat' dir='ltr'><strong>mollito</strong></span> <span class='ocrx_word' id='word_1_235' title='bbox 848 2526 885 2565; x_wconf 84' lang='lat' dir='ltr'><strong>ac</strong></span> <span class='ocrx_word' id='word_1_236' title='bbox 904 2502 1029 2565; x_wconf 81' lang='lat' dir='ltr'><strong>subacto</strong></span> 
     </span>
     <span class='ocr_line' id='line_1_28' title="bbox 26 2588 1090 2685; baseline -0.018 -22"><span class='ocrx_word' id='word_1_237' title='bbox 26 2625 167 2685; x_wconf 74' lang='lat' dir='ltr'><strong>sparsum</strong></span> <span class='ocrx_word' id='word_1_238' title='bbox 185 2616 289 2664; x_wconf 82' lang='lat' dir='ltr'><strong>sernen&#39;</strong></span> <span class='ocrx_word' id='word_1_239' title='bbox 300 2604 433 2684; x_wconf 82' lang='lat' dir='ltr'><strong>excepit,</strong></span> <span class='ocrx_word' id='word_1_240' title='bbox 451 2604 583 2683; x_wconf 85' lang='lat' dir='ltr'><strong>primurn</strong></span> <span class='ocrx_word' id='word_1_241' title='bbox 596 2600 629 2659; x_wconf 90' lang='lat' dir='ltr'><strong>id</strong></span> <span class='ocrx_word' id='word_1_242' title='bbox 643 2603 834 2657; x_wconf 80' lang='lat' dir='ltr'><strong>occaecatum</strong></span> <span class='ocrx_word' id='word_1_243' title='bbox 849 2588 1032 2650; x_wconf 74' lang='lat' dir='ltr'><strong>cohibete—</strong></span> <span class='ocrx_word' id='word_1_244' title='bbox 1086 2608 1090 2614; x_wconf 75' lang='grc'><strong>’</strong></span> 
     </span>
     <span class='ocr_line' id='line_1_29' title="bbox 27 2673 1101 2771; baseline -0.019 -23"><span class='ocrx_word' id='word_1_245' title='bbox 27 2709 65 2748; x_wconf 85' lang='lat' dir='ltr'><strong>ex</strong></span> <span class='ocrx_word' id='word_1_246' title='bbox 74 2693 270 2770; x_wconf 82' lang='lat' dir='ltr'><strong>quooccutio,</strong></span> <span class='ocrx_word' id='word_1_247' title='bbox 293 2705 368 2771; x_wconf 86' lang='lat' dir='ltr'><strong>quae</strong></span> <span class='ocrx_word' id='word_1_248' title='bbox 382 2689 441 2749; x_wconf 88' lang='lat' dir='ltr'><strong>hec</strong></span> <span class='ocrx_word' id='word_1_249' title='bbox 451 2688 555 2764; x_wconf 83' lang='lat' dir='ltr'><strong>efficit,</strong></span> <span class='ocrx_word' id='word_1_250' title='bbox 578 2682 733 2747; x_wconf 83' lang='lat' dir='ltr'><strong>nominata</strong></span> <span class='ocrx_word' id='word_1_251' title='bbox 744 2673 968 2741; x_wconf 78' lang='lat' dir='ltr'><strong>ectr-deinde</strong></span> <span class='ocrx_word' id='word_1_252' title='bbox 981 2681 1031 2730; x_wconf 82' lang='lat' dir='ltr'><strong>te-</strong></span> <span class='ocrx_word' id='word_1_253' title='bbox 1064 2739 1070 2747; x_wconf 38' lang='lat'><strong>,</strong></span> <span class='ocrx_word' id='word_1_254' title='bbox 1084 2692 1101 2719; x_wconf 78' lang='grc'><strong>’-</strong></span> 
     </span>
     <span class='ocr_line' id='line_1_30' title="bbox 26 2757 1030 2858; baseline -0.024 -22"><span class='ocrx_word' id='word_1_255' title='bbox 26 2777 178 2855; x_wconf 83' lang='lat' dir='ltr'><strong>pefectum</strong></span> <span class='ocrx_word' id='word_1_256' title='bbox 195 2797 306 2858; x_wconf 81' lang='lat' dir='ltr'><strong>vapore</strong></span> <span class='ocrx_word' id='word_1_257' title='bbox 322 2787 352 2837; x_wconf 90' lang='lat' dir='ltr'><strong>et</strong></span> <span class='ocrx_word' id='word_1_258' title='bbox 364 2793 539 2854; x_wconf 88' lang='lat' dir='ltr'><strong>compressu</strong></span> <span class='ocrx_word' id='word_1_259' title='bbox 553 2793 608 2832; x_wconf 83' lang='lat' dir='ltr'><strong>suo</strong></span> <span class='ocrx_word' id='word_1_260' title='bbox 620 2766 770 2847; x_wconf 75' lang='lat' dir='ltr'><strong>diffindit,</strong></span> <span class='ocrx_word' id='word_1_261' title='bbox 785 2773 814 2824; x_wconf 88' lang='lat' dir='ltr'><strong>et</strong></span> <span class='ocrx_word' id='word_1_262' title='bbox 828 2765 911 2854; x_wconf 76' lang='lat' dir='ltr'><strong>elicit</strong></span> <span class='ocrx_word' id='word_1_263' title='bbox 922 2757 1030 2820; x_wconf 85' lang='lat' dir='ltr'><strong>herbr-</strong></span> 
     </span>
     <span class='ocr_line' id='line_1_31' title="bbox 26 2841 1064 2938; baseline -0.02 -18"><span class='ocrx_word' id='word_1_264' title='bbox 26 2872 161 2921; x_wconf 86' lang='lat' dir='ltr'><strong>scentem</strong></span> <span class='ocrx_word' id='word_1_265' title='bbox 175 2883 213 2920; x_wconf 85' lang='lat' dir='ltr'><strong>ex</strong></span> <span class='ocrx_word' id='word_1_266' title='bbox 226 2884 262 2922; x_wconf 90' lang='lat' dir='ltr'><strong>ee</strong></span> <span class='ocrx_word' id='word_1_267' title='bbox 275 2863 472 2922; x_wconf 83' lang='lat' dir='ltr'><strong>viriditatem:</strong></span> <span class='ocrx_word' id='word_1_268' title='bbox 495 2877 569 2938; x_wconf 87' lang='lat' dir='ltr'><strong>quae</strong></span> <span class='ocrx_word' id='word_1_269' title='bbox 584 2855 754 2916; x_wconf 74' lang='lat' dir='ltr'><strong>nixelibris</strong></span> <span class='ocrx_word' id='word_1_270' title='bbox 765 2851 906 2932; x_wconf 82' lang='lat' dir='ltr'><strong>stirpium</strong></span> <span class='ocrx_word' id='word_1_271' title='bbox 919 2841 1028 2905; x_wconf 88' lang='lat' dir='ltr'><strong>sensim</strong></span> <span class='ocrx_word' id='word_1_272' title='bbox 1060 2857 1064 2865; x_wconf 58' lang='lat'>¹</span> 
     </span>
     <span class='ocr_line' id='line_1_32' title="bbox 26 2931 1029 3028; baseline -0.021 -23"><span class='ocrx_word' id='word_1_273' title='bbox 26 2947 175 3008; x_wconf 89' lang='lat' dir='ltr'><strong>adolescit</strong></span> <span class='ocrx_word' id='word_1_274' title='bbox 187 2949 352 3028; x_wconf 84' lang='lat' dir='ltr'><strong>culmoque</strong></span> <span class='ocrx_word' id='word_1_275' title='bbox 360 2945 459 3009; x_wconf 76' lang='lat' dir='ltr'><strong>erecta</strong></span> <span class='ocrx_word' id='word_1_276' title='bbox 482 2944 651 3024; x_wconf 84' lang='lat' dir='ltr'><strong>geniculato</strong></span> <span class='ocrx_word' id='word_1_277' title='bbox 664 2941 781 3020; x_wconf 84' lang='lat' dir='ltr'><strong>vaginis</strong></span> <span class='ocrx_word' id='word_1_278' title='bbox 795 2938 857 2997; x_wconf 79' lang='lat' dir='ltr'><strong>ianr</strong></span> <span class='ocrx_word' id='word_1_279' title='bbox 872 2931 957 3014; x_wconf 85' lang='lat' dir='ltr'><strong>quasi</strong></span> <span class='ocrx_word' id='word_1_280' title='bbox 973 2947 1029 3008; x_wconf 88' lang='lat' dir='ltr'><strong>pu-</strong></span> 
     </span>
     <span class='ocr_line' id='line_1_33' title="bbox 24 3006 1083 3121; baseline -0.019 -30"><span class='ocrx_word' id='word_1_281' title='bbox 24 3031 150 3103; x_wconf 82' lang='lat' dir='ltr'><strong>bescens</strong></span> <span class='ocrx_word' id='word_1_282' title='bbox 169 3033 353 3111; x_wconf 71' lang='lat' dir='ltr'><strong>includitur,</strong></span> <span class='ocrx_word' id='word_1_283' title='bbox 363 3053 393 3121; x_wconf 23' lang='lat' dir='ltr'><strong>,e</strong></span> <span class='ocrx_word' id='word_1_284' title='bbox 405 3032 516 3112; x_wconf 56' lang='lat' dir='ltr'><strong>quibus*</strong></span> <span class='ocrx_word' id='word_1_285' title='bbox 531 3050 624 3110; x_wconf 87' lang='lat' dir='ltr'><strong>quum</strong></span> <span class='ocrx_word' id='word_1_286' title='bbox 638 3028 774 3101; x_wconf 86' lang='lat' dir='ltr'><strong>emersit,</strong></span> <span class='ocrx_word' id='word_1_287' title='bbox 793 3021 900 3083; x_wconf 80' lang='lat' dir='ltr'><strong>¹fundit</strong></span> <span class='ocrx_word' id='word_1_288' title='bbox 912 3020 1028 3094; x_wconf 80' lang='lat' dir='ltr'><strong>frugem</strong></span> <span class='ocrx_word' id='word_1_289' title='bbox 1078 3006 1083 3020; x_wconf 92' lang='lat'><em>&#39;</em></span> 
     </span>
    </p>
   </div>
   <div class='ocr_carea' id='block_1_5' title="bbox 26 3111 1136 3197">
    <p class='ocr_par' dir='ltr' id='par_1_6' title="bbox 26 3111 1136 3197">
     <span class='ocr_line' id='line_1_34' title="bbox 26 3111 1136 3197; baseline -0.015 -23"><span class='ocrx_word' id='word_1_290' title='bbox 26 3117 104 3197; x_wconf 86' lang='lat' dir='ltr'><strong>spici</strong></span> <span class='ocrx_word' id='word_1_291' title='bbox 120 3115 402 3194; x_wconf 74' lang='lat' dir='ltr'><strong>ordine-etruriam,</strong></span> <span class='ocrx_word' id='word_1_292' title='bbox 439 3127 469 3180; x_wconf 89' lang='lat' dir='ltr'><strong>et</strong></span> <span class='ocrx_word' id='word_1_293' title='bbox 483 3126 589 3177; x_wconf 84' lang='lat' dir='ltr'><strong>contra</strong></span> <span class='ocrx_word' id='word_1_294' title='bbox 611 3115 712 3174; x_wconf 85' lang='lat' dir='ltr'><strong>avium</strong></span> <span class='ocrx_word' id='word_1_295' title='bbox 738 3111 891 3172; x_wconf 88' lang='lat' dir='ltr'><strong>minorum</strong></span> <span class='ocrx_word' id='word_1_296' title='bbox 909 3119 1030 3163; x_wconf 80' lang='lat' dir='ltr'><strong>morsus</strong></span> <span class='ocrx_word' id='word_1_297' title='bbox 1134 3170 1136 3176; x_wconf 15' lang='lat' dir='ltr'>y</span> 
     </span>
    </p>
   </div>
   <div class='ocr_carea' id='block_1_6' title="bbox 10 3194 1137 3626">
    <p class='ocr_par' dir='ltr' id='par_1_7' title="bbox 23 3194 1086 3366">
     <span class='ocr_line' id='line_1_35' title="bbox 24 3194 1031 3280; baseline -0.015 -18"><span class='ocrx_word' id='word_1_298' title='bbox 24 3203 164 3264; x_wconf 89' lang='lat' dir='ltr'><strong>munitur</strong></span> <span class='ocrx_word' id='word_1_299' title='bbox 178 3205 261 3264; x_wconf 85' lang='lat' dir='ltr'><strong>vello</strong></span> <span class='ocrx_word' id='word_1_300' title='bbox 276 3205 444 3266; x_wconf 84' lang='lat' dir='ltr'><strong>aristarum.</strong></span> <span class='ocrx_word' id='word_1_301' title='bbox 487 3204 538 3270; x_wconf 81' lang='lat'><strong>52.</strong></span> <span class='ocrx_word' id='word_1_302' title='bbox 560 3201 644 3277; x_wconf 88' lang='lat' dir='ltr'><strong>Quid</strong></span> <span class='ocrx_word' id='word_1_303' title='bbox 665 3221 718 3280; x_wconf 86' lang='lat' dir='ltr'><strong>ego</strong></span> <span class='ocrx_word' id='word_1_304' title='bbox 731 3194 841 3259; x_wconf 86' lang='lat' dir='ltr'><strong>vitium</strong></span> <span class='ocrx_word' id='word_1_305' title='bbox 857 3201 959 3267; x_wconf 61' lang='lat' dir='ltr'><strong>onus,</strong></span> <span class='ocrx_word' id='word_1_306' title='bbox 982 3207 1031 3247; x_wconf 83' lang='lat' dir='ltr'><strong>ea·</strong></span> 
     </span>
     <span class='ocr_line' id='line_1_36' title="bbox 23 3279 1086 3366; baseline -0.015 -20"><span class='ocrx_word' id='word_1_307' title='bbox 23 3295 87 3366; x_wconf 83' lang='lat' dir='ltr'><strong>tus,</strong></span> <span class='ocrx_word' id='word_1_308' title='bbox 112 3288 296 3350; x_wconf 82' lang='lat' dir='ltr'><strong>incrementa</strong></span> <span class='ocrx_word' id='word_1_309' title='bbox 317 3281 585 3350; x_wconf 47' lang='lat' dir='ltr'><strong>commemorem&#39;l*</strong></span> <span class='ocrx_word' id='word_1_310' title='bbox 611 3282 719 3347; x_wconf 84' lang='lat' dir='ltr'><strong>Satiari</strong></span> <span class='ocrx_word' id='word_1_311' title='bbox 738 3279 938 3343; x_wconf 79' lang='lat' dir='ltr'><strong>delectatione</strong></span> <span class='ocrx_word' id='word_1_312' title='bbox 966 3291 1031 3334; x_wconf 87' lang='lat' dir='ltr'><strong>non</strong></span> <span class='ocrx_word' id='word_1_313' title='bbox 1081 3288 1086 3299; x_wconf 71' lang='lat'><strong><em>¹</em></strong></span> 
     </span>
    </p>

    <p class='ocr_par' dir='ltr' id='par_1_8' title="bbox 10 3360 1137 3626">
     <span class='ocr_line' id='line_1_37' title="bbox 10 3360 1137 3457; baseline -0.022 -17"><span class='ocrx_word' id='word_1_314' title='bbox 10 3437 14 3440; x_wconf 86' lang='lat'>.</span> <span class='ocrx_word' id='word_1_315' title='bbox 25 3391 165 3457; x_wconf 80' lang='lat' dir='ltr'><strong>possum,</strong></span> <span class='ocrx_word' id='word_1_316' title='bbox 194 3385 228 3434; x_wconf 92' lang='lat' dir='ltr'><strong>ut</strong></span> <span class='ocrx_word' id='word_1_317' title='bbox 248 3395 331 3436; x_wconf 86' lang='lat' dir='ltr'><strong>meae</strong></span> <span class='ocrx_word' id='word_1_318' title='bbox 348 3374 511 3436; x_wconf 88' lang='lat' dir='ltr'><strong>senectutis</strong></span> <span class='ocrx_word' id='word_1_319' title='bbox 537 3372 703 3454; x_wconf 85' lang='lat' dir='ltr'><strong>requietem</strong></span> <span class='ocrx_word' id='word_1_320' title='bbox 720 3360 1029 3440; x_wconf 71' lang='lat' dir='ltr'><strong>oblectamentumque</strong></span> <span class='ocrx_word' id='word_1_321' title='bbox 1127 3391 1137 3401; x_wconf 85' lang='lat'><strong>--</strong></span> 
     </span>
     <span class='ocr_line' id='line_1_38' title="bbox 23 3455 1029 3540; baseline -0.013 -24"><span class='ocrx_word' id='word_1_322' title='bbox 23 3459 165 3518; x_wconf 82' lang='lat' dir='ltr'><strong>ne&#39;scatis.</strong></span> <span class='ocrx_word' id='word_1_323' title='bbox 196 3460 325 3537; x_wconf 67' lang='lat' dir='ltr'><strong>”Omitto</strong></span> <span class='ocrx_word' id='word_1_324' title='bbox 343 3463 423 3521; x_wconf 86' lang='lat' dir='ltr'><strong>enirn</strong></span> <span class='ocrx_word' id='word_1_325' title='bbox 435 3461 498 3520; x_wconf 81' lang='lat' dir='ltr'><strong>vim</strong></span> <span class='ocrx_word' id='word_1_326' title='bbox 513 3459 612 3540; x_wconf 86' lang='lat' dir='ltr'><strong>ipsam</strong></span> <span class='ocrx_word' id='word_1_327' title='bbox 625 3455 771 3536; x_wconf 76' lang='lat' dir='ltr'><strong>omniurn,</strong></span> <span class='ocrx_word' id='word_1_328' title='bbox 799 3471 875 3532; x_wconf 81' lang='lat' dir='ltr'><strong>quoe</strong></span> <span class='ocrx_word' id='word_1_329' title='bbox 887 3465 1029 3529; x_wconf 77' lang='lat' dir='ltr'><strong>generau-</strong></span> 
     </span>
     <span class='ocr_line' id='line_1_39' title="bbox 24 3541 1027 3626; baseline -0.006 -21"><span class='ocrx_word' id='word_1_330' title='bbox 24 3550 75 3605; x_wconf 87' lang='lat' dir='ltr'><strong>tur</strong></span> <span class='ocrx_word' id='word_1_331' title='bbox 87 3561 129 3606; x_wconf 20' lang='lat' dir='ltr'><strong>ex*</strong></span> <span class='ocrx_word' id='word_1_332' title='bbox 140 3555 238 3607; x_wconf 72' lang='lat' dir='ltr'><strong>terrm</strong></span> <span class='ocrx_word' id='word_1_333' title='bbox 260 3567 335 3626; x_wconf 86' lang='lat' dir='ltr'><strong>quae</strong></span> <span class='ocrx_word' id='word_1_334' title='bbox 350 3567 389 3608; x_wconf 83' lang='lat' dir='ltr'><strong>ex</strong></span> <span class='ocrx_word' id='word_1_335' title='bbox 406 3545 457 3606; x_wconf 89' lang='lat' dir='ltr'><strong>lici</strong></span> <span class='ocrx_word' id='word_1_336' title='bbox 469 3547 589 3616; x_wconf 72' lang='lat' dir='ltr'><strong>tantulo</strong></span> <span class='ocrx_word' id='word_1_337' title='bbox 604 3565 698 3626; x_wconf 58' lang='lat' dir='ltr'><strong>pano</strong></span> <span class='ocrx_word' id='word_1_338' title='bbox 715 3556 770 3608; x_wconf 87' lang='lat' dir='ltr'><strong>aut</strong></span> <span class='ocrx_word' id='word_1_339' title='bbox 789 3563 829 3613; x_wconf 65' lang='lat' dir='ltr'><strong>ex</strong></span> <span class='ocrx_word' id='word_1_340' title='bbox 842 3541 1027 3604; x_wconf 73' lang='lat' dir='ltr'><strong>acinonina·</strong></span> 
     </span>
    </p>
   </div>
   <div class='ocr_carea' id='block_1_7' title="bbox 0 0 1172 3934">
    <p class='ocr_par' dir='ltr' id='par_1_9' title="bbox 0 0 1172 3934">
     <span class='ocr_line' id='line_1_40' title="bbox 0 0 1172 3934; baseline 0 5"><span class='ocrx_word' id='word_1_341' title='bbox 0 0 1172 3934; x_wconf 95' lang='lat' dir='ltr'><strong> </strong></span> 
     </span>
    </p>
   </div>
  </div>
 </body>
</html>
