2334 3934
120 249 124 254 ,
188 171 264 280 ‘ua
290 142 637 252 strenuam.
670 172 870 238 17.18.19.
996 116 1056 244 49¹

36 324 168 410 oblatisa
197 331 272 407 quae
289 317 390 390 omnia
410 325 565 410 pertinent
583 323 623 385 ad
644 343 723 404 eam,
752 338 846 406 quam
861 325 1039 390 iamdudum

21 421 146 488 tracto,
169 417 378 478 constantiam.
420 413 468 474 lta
481 412 518 473 fit
533 431 641 474 verum
656 410 747 492 illud,
762 412 845 492 quod
859 412 949 474 initio
964 415 1057 494 dixi,-
1154 413 1157 418 ’

34 497 207 576 amicitiam,
222 499 282 560 nisi
299 499 380 562 inter
399 499 495 559 bonos
515 517 577 558 asse
597 516 659 556 non
674 517 773 577 posse.
815 498 869 565 Est
890 499 970 558 enim
983 499 1040 559 bo·

14 582 70 658 xni
91 582 171 659 viri,
194 603 283 665 quem
304 578 442 646 eumdeni
464 583 629 666 sapientem
649 582 722 642 lieet
740 576 859 659 dicare,
882 577 958 645 baec
977 585 1040 644 duo

34 679 139 728 tenere
160 668 193 728 iu
212 669 359 731 amicitia:
388 670 531 751 primum,
552 687 593 728 ne
612 667 687 748 quid
705 667 812 728 lictum
830 672 881 746 sit,
898 689 975 730 neve
996 671 1040 730 si·

35 754 204 814 muletam:
227 766 330 839 aperta
344 756 424 816 enim
441 755 492 814 vel
507 753 615 827 odisse,
630 753 728 831 magis
740 753 863 849 ingenui
880 764 936 833 ast,
951 775 1041 834 quem

12 839 140 900 ‘bonta
160 841 311 905 occultare
330 841 524 902 sententiam:
547 838 667 915 deinde,
680 859 742 897 non
761 840 860 898 solum
877 841 914 898 ab
934 841 1040 920 aliquo

35 919 384 988 altaascnminniones
406 927 562 1005 repellere,
580 923 635 983 sed
656 943 696 982 ne
713 923 823 1003 ipsum
835 925 955 1004 quidem
977 947 1071 1014 esse⁸
1112 955 1117 961 ·

36 1009 257 1090 suspiciosum,
279 1007 397 1092 seniper
416 1010 533 1089 aliquid
555 1008 775 1068 existimantem
797 1009 834 1068 ab
855 1011 954 1091 amico
977 1031 1051 1074 esse·

7 1091 9 1096 ’
36 1095 196 1160 violatum.
239 1101 290 1163 66.
312 1096 445 1157 Accedat
460 1094 522 1154 huc
535 1093 669 1154 suavitas
684 1093 833 1177 quaedam
845 1106 966 1177 oportet
979 1117 1041 1157 ser.

37 1199 163 1240 monum
185 1189 273 1260 atqua
292 1181 422 1259 morum,
440 1179 672 1262 haudquaquam
687 1180 837 1239 mediocre
861 1182 1041 1241 condimen·

36 1274 103 1325 turn
125 1261 303 1328 amicitiae(
326 1266 462 1326 Tristitia
476 1275 575 1324 autem
590 1273 619 1323 et
631 1264 664 1322 in
678 1267 759 1326 omni
770 1285 805 1326 rc
818 1267 971 1344 severitas,
985 1267 1041 1328 ba.
1060 1267 1064 1275 “

37 1349 86 1410 bet
100 1350 154 1410 illa
167 1352 289 1431 quidem
302 1351 496 1431 gravitatem
508 1351 560 1408 sed
570 1349 701 1408 amicitia
716 1351 867 1411 remissior
874 1373 939 1412 esse
952 1350 1041 1414 debet

38 1446 67 1495 et
78 1435 207 1498 liberior
221 1447 251 1497 et
263 1437 384 1498 dulcior
397 1443 427 1496 et
441 1435 478 1495 ad
493 1453 612 1494 omnem
624 1435 796 1495 comitatem
808 1437 1042 1517 facilitatemque

37 1521 216 1602 proclivior.
258 1523 343 1582 xlx.
373 1525 425 1588 67.
452 1519 577 1580 Exsistit
601 1527 701 1580 autem
723 1519 783 1581 boc
804 1523 885 1582 locor
893 1523 1042 1602 quaedam

39 1607 181 1686 quaestio,
196 1606 403 1668 subdifficilis:
430 1625 503 1665 num
520 1604 640 1696 quando
656 1605 746 1665 amici
763 1608 846 1684 novi,
867 1608 949 1687 digni
967 1608 1042 1668 ami-

39 1691 132 1770 citia,
144 1693 297 1754 veteribus
315 1692 375 1752 sint
393 1691 612 1772 anteponendi,
630 1699 667 1749 ut
685 1691 770 1770 equis
788 1693 898 1752 vetulis
919 1703 1040 1755 teneros
1065 1737 1075 1744 -

39 1773 226 1858 anteponere¹
247 1776 401 1840 solemusl
422 1807 465 1824 -
486 1775 612 1857 Indigna
632 1774 755 1836 homine
778 1777 942 1838 dubitatio!
971 1779 1042 1838 Nou
1145 1837 1150 1846 ,

39 1863 119 1931 enim
134 1861 464 1924 amicitiarum'debeut
484 1881 556 1940 esse,
576 1861 658 1922 sicut
675 1861 801 1922 aliarum
822 1883 933 1938 rerum,
954 1864 1043 1923 satie-

38 1956 124 2018 tates.
168 1948 353 2019 Veterrimae
370 1967 519 2030 quaeque,
540 1956 575 2007 ut
596 1968 629 2007 ea
652 1945 739 2023 vina,
764 1969 838 2026 quae
858 1957 1039 2010 vetustatem
1148 1962 1151 1969 “

39 2027 152 2109 ferunt,
168 2052 231 2094 ease
250 2031 361 2094 debent
377 2034 581 2094 suavissimae:
602 2052 767 2112 verumque
784 2033 863 2093 illud
883 2043 936 2110 cst,
956 2033 1041 2114 qaod

40 2119 165 2195 dicitur,
185 2120 298 2178 multos·
310 2117 429 2178 modios
454 2119 533 2178 salis
553 2118 652 2176 simul
671 2117 802 2176 edendae
823 2140 894 2196 esse,
915 2129 952 2178 ut
969 2119 1042 2178 ami-

40 2204 127 2262 citiae
140 2223 251 2266 munus
270 2206 426 2286 expletum
444 2205 492 2268 sit.
537 2207 589 2270 68.
608 2203 765 2263 Novitates
784 2213 895 2280 autem,
913 2203 940 2263 si
954 2223 1041 2286 spem

40 2289 181 2366 afferunt,
196 2298 241 2366 ut,
261 2300 412 2370 tamquam
428 2290 460 2350 in
477 2287 579 2350 herbis
597 2309 659 2347 non
673 2289 838 2364 fallacibus,
853 2291 972 2349 fructus
985 2311 1041 2370 ap-

39 2384 153 2454 pareat,
166 2395 230 2436 non
250 2385 323 2436 sunt
336 2371 406 2435 illae
419 2375 538 2455 quidem
553 2365 772 2454 repudiandae?
795 2383 928 2436 vetustae
939 2378 1055 2438 tamen¹

39 2479 92 2520 suo
116 2460 186 2520 loco
206 2461 425 2522 conservanda:
448 2459 578 2520 maxima
599 2464 643 2518 e'st
662 2459 743 2518 enini
764 2459 811 2520 vis
830 2461 990 2520 vetustatis
1010 2469 1041 2520 ct
1140 2463 1143 2469 '

40 2539 281 2607 consuetudinis.
325 2545 407 2618 Quin
431 2546 498 2626 ipso
518 2563 614 2626 equo,
636 2545 723 2604 cuius
746 2545 838 2605 modo
858 2545 1041 2606 mentionem

40 2625 108 2709 feci,
132 2630 159 2690 si
172 2631 319 2692 uallares
331 2631 485 2711 impediat,
500 2650 588 2692 nemo
605 2638 659 2707 est,
676 2631 728 2709 qui
745 2643 808 2688 non
826 2650 870 2707 eo,
888 2651 949 2711 quo
966 2651 1040 2689 con·
1076 2679 1082 2683 .

40 2715 150 2793 suevit,
164 2715 310 2776 libentius
317 2723 432 2788 utatur,
449 2737 538 2796 quarn
550 2717 714 2775 intractato
728 2725 758 2774 et
774 2736 870 2776 novo:
895 2737 953 2776 nec
965 2736 1039 2784 verp

40 2800 69 2860 ia
82 2801 155 2876 hoc,
176 2801 260 2882 quod
273 2799 456 2874 est'animal,
470 2800 522 2858 sed
535 2801 568 2858 in
583 2799 621 2857 iis
640 2800 738 2874 etiam,
755 2820 832 2880 quae
851 2812 924 2861 sunt
941 2801 1039 2861 inani·
1055 2873 1058 2882 y

40 2905 95 2965 ma,
120 2887 308 2948 consuetudo
327 2887 424 2960 valet3
445 2904 538 2964 quum
553 2883 628 2944 locis
642 2883 717 2964 ipsis
737 2887 930 2956 delectemur,
949 2907 1040 2946 mon·
1061 2948 1064 2951 ,

39 2972 134 3032 tunsis
154 2971 242 3032 etiam
263 2981 293 3032 et
312 2969 518 3049 silvestribus,
536 2965 570 3030 in
594 2970 702 3048 quibus
725 2971 840 3039 diutius
863 2969 1041 3032 commorati
1091 2982 1094 2987 '

40 3076 179 3118 sumus·
205 3061 256 3124 69.
285 3057 344 3116 Sed
366 3055 531 3116 maximum
554 3065 600 3116 est
619 3052 652 3115 in
677 3057 825 3132 amicitia,
852 3057 1040 3138 superiorem

29 3157 142 3223 *parem
174 3162 236 3202 csse
263 3141 416 3204 inferiori:
450 3161 539 3222 saepe
569 3141 650 3202 enim
677 3141 873 3202 excellentiae
891 3142 1040 3222 quaedam

41 3237 127 3288 sunt:
151 3227 248 3307 qualis
268 3237 333 3288 erat
351 3227 501 3309 Scipionis
521 3227 552 3286 in
571 3235 686 3297 nostro,
703 3236 738 3286 ut
755 3226 798 3286 ita
818 3226 926 3302 dicam,
942 3225 1038 3306 grege.

41 3313 209 3392 Numquam
222 3330 254 3372 se
267 3312 320 3372 ille
333 3311 431 3390 Philo,
445 3332 609 3391 numquam
624 3311 756 3392 Rupilio,
767 3332 928 3392 numquam
942 3314 1039 3372 Mum.

41 3399 100 3458 mio
118 3397 301 3478 anteposuit,
313 3417 475 3478 numquam
489 3396 640 3457 inferioris
652 3396 769 3457 ordinis
784 3398 897 3460 amicis.
916 3399 954 3472 Q.
964 3417 1039 3457 vero

10 3545 11 3548 ,
42 3482 206 3544 Maximum
226 3484 369 3560 fratrem,
394 3482 541 3566 egregium
554 3481 655 3545 virum
674 3481 815 3561 omnino,
837 3482 895 3544 sibi
918 3481 1047 3564 nequk
1113 3535 1117 3542 .

79 3569 242 3634 Crannonis
264 3571 404 3630 Laeuius.
619 3570 645 3626 λ
812 3571 835 3633 b
865 3562 877 3574 ⁸
