2334 3934
18 207 25 214 .
115 157 159 241 aa
185 226 215 254 ff
339 121 602 262 'mannaim
623 114 958 258 aasutnoxtſj'

78 355 91 365 ,
117 308 294 385 contemnis,
316 319 347 372 et
367 319 464 387 recte,
482 309 549 392 (est
561 312 641 373 euim
656 314 694 375 ad
712 310 796 395 vulgi
812 314 983 395 opinionem
995 308 1131 373 medio-

116 393 193 465 cris,
215 395 252 470 ad
272 404 366 473 tuam,
381 397 482 469 nulla;
504 398 543 457 ad
565 418 671 475 meam,
693 399 849 481 modieaz)
873 402 909 461 de
927 416 975 459 me
997 400 1129 459 silebo:

45 542 49 547 ,
116 480 154 544 de
174 501 207 539 re
229 481 349 559 loquar.
392 480 443 547 48.
466 482 500 539 Si
527 476 794 560 pensandamobis
816 496 904 565 atque
931 485 1130 550 aestimanda

41 565 46 576 '
115 586 164 642 res
178 564 226 642 sit,
243 575 348 629 utrum
364 566 491 626 taudem
502 568 602 647 pluris
621 570 981 650 aestimemuapecuniam
995 569 1127 649 Pyrrhi,

115 670 205 732 quam
224 650 361 710 Fabricio
374 650 481 726 dabat,
504 674 543 711 an
561 656 777 716 continentiam
795 656 940 732 Fabricii,
962 656 1018 735 qui
1034 656 1129 714 illam

69 775 71 784 ‚
114 735 273 815 pecuniam
286 736 487 815 repudiabat?
509 749 614 798 utrum
628 760 735 799 aurum
744 742 923 818 sequitant,
939 742 978 799 an
989 760 1129 819 respon-

115 814 235 879 sum‘lll’
251 820 356 893 Curii?
377 820 574 883 hereditatem
587 825 620 884 L.
636 826 744 902 Paulli,
760 848 798 900 an
809 826 1021 887 liberalitatem
1035 826 1128 885 Atri-

116 906 209 982 oaui,
230 906 284 983 qui
301 906 366 966 eius
387 905 561 983 hereditatis
582 910 618 983 Q.
640 910 771 969 Maximo
791 912 1129 992 f1·atripartem3suam

81 1039 83 1048 ,
113 990 288 1054 noncessit?
320 990 402 1076 liaeo
414 990 565 1072 prolecto,
585 1014 660 1073 quae
674 1005 744 1055 suut
757 1016 940 1057 summarum
960 996 1127 1071 virtutum,

115 1076 214 1157 pluris
235 1077 419 1143 aestimanda
447 1088 537 1155 suut,
565 1098 655 1156 quana
670 1080 744 1157 illa,
766 1102 843 1159 quae
864 1090 936 1141 sunt
963 1081 1127 1161 pecuniae.

117 1161 192 1235 Quis
204 1162 303 1239 igitur
318 1156 365 1244 (ai
376 1161 513 1240 quidem,
530 1173 565 1244 ut
581 1166 714 1243 quisque,
735 1166 816 1243 quod
832 1165 957 1245 plurimi
968 1166 1021 1238 sit,
1045 1186 1127 1245 pos-

108 1247 223 1321 sideat,
240 1247 281 1305 ita
303 1247 500 1318 divitissimus
518 1247 673 1309 habendus
694 1249 746 1328 sit)
763 1250 888 1328 dubitet,
912 1251 987 1333 otuu
1005 1250 1038 1311 iu
1055 1251 1127 1310 vir-

33 1345 35 1356 '
116 1342 182 1392 tute
200 1331 324 1391 divitiae
343 1332 427 1397 sinti
448 1334 590 1411 quoniam
604 1334 691 1409 nulla
713 1336 870 1413 possessio,
887 1337 975 1415 nulla
988 1334 1035 1408 uis
1059 1334 1128 1397 auri

112 1427 150 1477 ,et
170 1416 300 1495 argenti,
320 1418 435 1497 pluris,
456 1415 545 1497 quam
562 1418 957 1495 via·tus,aestima11daest'
992 1418 1044 1479 lli.
1070 1421 1124 1485 49.

119 1502 147 1561 0
163 1502 207 1560 dii
222 1502 419 1561 immortales!
442 1523 505 1561 non
518 1504 693 1582 intelligunt
704 1496 964 1585 bomines‘,q1iaut
979 1524 1126 1582 magnum

117 1587 247 1665 vectigal
261 1588 300 1647 ait
321 1588 513 1667 parsimonia.
556 1588 653 1647 Venio
676 1590 755 1649 enim
775 1590 835 1654 iam
858 1592 900 1651 ad,
915 1599 1124 1669 sumptuosos:

117 1672 257 1751 relinquo
277 1672 613 1762 istumlquaastuosum.
664 1672 752 1755 Cepit
774 1676 826 1735 ille
845 1680 881 1735 ex
901 1665 1124 1754 suis'praediis

19 1785 20 1792 ¹
118 1767 260 1839 sexcenta
276 1758 425 1835 sestertia,
449 1778 502 1837 ego
523 1768 650 1819 centena
670 1760 709 1819 ex
726 1760 814 1821 meis:
837 1760 892 1837 illi,-
919 1768 1021 1820 aurata
1040 1767 1124 1819 tecta

19 1844 25 1853 ’
101 1845 152 1903 ‹in
172 1844 254 1903 villis
277 1850 308 1901 et
325 1844 390 1903 sola
408 1851 573 1917 marmorea
591 1844 729 1921 facienti,
753 1854 783 1903 et
806 1846 899 1923 signa,
922 1845 1049 1921 tabulas,
1069 1862 1123 1902 su-

117 1928 311 2010 pellectilem,
328 1938 358 1987 et
370 1938 485 1988 vestem
496 1927 614 1989 infinite
637 1928 877 2009 concupiscenti,
893 1950 957 1989 non
970 1930 1072 1988 'mado
1087 1926 1123 1985 ad
1148 1962 1149 1999 ,

47 2088 52 2094 ¹
119 2023 275 2095 sumptum
292 2014 345 2073 ille
359 2024 403 2073 est
417 2015 545 2092 stactus,
567 2014 620 2076 sed
639 2015 727 2074 etiam
743 2015 781 2073 ad
800 2016 895 2093 fenus,
918 2014 1063 2092 exiguun-
1077 2014 1124 2071 Ex
1148 2004 1149 2049 l

119 2120 187 2159 meo
207 2098 293 2173 tenui
312 2100 469 2179 vectigali,
491 2100 634 2160 detractis
655 2096 1040 2180 sumptibuseupiditatis,
1064 2098 1123 2156 ali-

118 2184 302 2264 quidetiam
318 2186 510 2248 redundabit.
537 2186 636 2245 ·=Uter
658 2184 752 2263 igitur
771 2192 817 2243 est
835 2184 976 2260 divitior,
999 2182 1049 2241 cui
1062 2182 1124 2241 -de-

121 2280 175 2346 est,
198 2291 236 2328 an
251 2270 302 2329 cui
313 2271 466 2350 ‘superati
488 2271 543 2349 qui
557 2280 632 2347 eget,
649 2290 687 2327 an
702 2270 754 2349 qui
768 2268 921 2331 abundat?
944 2268 1032 2327 catius
1050 2288 1124 2349 pos·

85 2422 91 2436 ¹
121 2356 215 2427 neseio
232 2375 290 2433 quo
310 2364 355 2413 est
372 2355 477 2433 maior,
500 2374 536 2415 eo
552 2356 624 2437 plus
643 2355 770 2433 requirit
782 2350 825 2413 ¹ad
839 2363 880 2415 *se
901 2354 1063 2414 tuendam:
1085 2372 1123 2412 au

122 2460 199 2521 quae
217 2440 280 2500 suis
299 2459 332 2498 ae
350 2439 468 2499 viribus
490 2434 658 2499 sustinet?
687 2442 738 2507 50.
761 2438 820 2499 Sed
836 2438 921 2518 3quid
942 2460 995 2519 ego
1018 2438 1056 2499 de
1077 2454 1122 2497 me

120 2526 247 2605 loquor,
280 2522 334 2603 qui
351 2545 471 2586 morum
489 2544 525 2582 ac
543 2532 715 2605 temporum
731 2523 807 2587 vitio
827 2526 1013 2602 aliquantum
1034 2523 1122 2583 etiam

67 2652 72 2668 ,
121 2612 188 2693 ipse
205 2611 334 2672 fortasse
348 2610 382 2669 in
403 2610 495 2669 huius
515 2610 627 2668 saeculi
649 2628 749 2678 errore
770 2609 893 2675 versari,
922 2610 963 2671 Μ’
984 2608 1122 2668 Manilius

121 2705 246 2777 patrum
269 2691 446 2755 nostrorum
468 2693 612 2753 memoria
630 2690 695 2775 (ne
708 2714 825 2773 semper
844 2694 951 2755 Curios
971 2696 1001 2767 et
1015 2692 1123 2753 Lusci-

122 2802 179 2841 nos
193 2778 373 2861 loquamur)
392 2772 510 2861 pauper
520 2780 642 2839 tandem
664 2780 733 2839 fuit.
775 2778 889 2858 Habuit
902 2780 990 2839 enim
1001 2776 1122 2836 aedicu-

34 2886 37 2892 ’
100 2860 169 2927 'lat
186 2864 220 2925 in
238 2864 372 2940 Carinis,
392 2875 422 2925 et
444 2865 574 2926 landum
588 2866 627 2937 ,iu
652 2863 806 2925 Labicano.
832 2864 910 2925 ‘Nos
929 2864 1021 2942 igitur
1042 2860 1122 2939 diyi·

38 2979 41 2985 ¹
123 2952 225 3029 tiores,
247 2950 301 3030 qui
314 2950 403 3031 plura
416 2949 579 3010 habemus?
600 2948 879 3029 Utinamquideuat
908 2940 967 3009 Sed
988 2964 1052 3007 non
1067 2965 1122 3018 ae·

66 3079 69 3086 ·
125 3036 298 3102 elimatione
326 3056 448 3114 census,
466 3056 583 3118 ,verum
609 3035 707 3097 victu.
724 3046 813 3115 atque
827 3035 927 3095 ''oultu
944 3032 1055 3093 termin
1088 3049 1122 3089 ur
1148 3062 1149 3075 κ

125 3121 271 3203 pecuniae
289 3120 405 3181 modus.
448 3121 499 3188 51.
522 3120 591 3179 Non
604 3140 666 3179 esse
679 3119 835 3199 cupidum,
850 3119 977 3199 pecunia
990 3128 1048 3178 eat.
1061 3134 1121 3183 non

126 3226 191 3267 esse
209 3207 353 3284 emacem,
367 3194 495 3283 vectigal
510 3206 565 3263 est.
588 3207 853 3277 Contentum‘vero
864 3204 933 3264 ‘suis
945 3202 1034 3265 rebus
1050 3219 1119 3274 esse,
1148 3222 1149 3311 ,

125 3291 274 3349 maximae
288 3289 625 3368 ‹auntnertisaimaeque
639 3290 771 3352 divitiae.
814 3290 933 3349 Etenim
953 3289 979 3365 si
990 3286 1043 3347 isti
1060 3286 1121 3345 oal-
1148 3336 1149 3363 ,

126 3375 183 3433 lidi
203 3393 303 3440 rerum
319 3370 524 3448 aestimatores
537 3384 627 3454 prata
646 3384 676 3435 et
691 3374 932 3454 areasxquasdam
952 3391 1059 3451 magno
1073 3390 1120 3429 ae·
1148 3370 1149 3459 l

126 3458 270 3535 stimant,
282 3461 363 3538 quod
383 3457 521 3558 &ueneni
536 3461 761 3546 possessionum
776 3460 900 3523 minime
918 3478 1002 3520 casus
1016 3453 1121 3518 nouem
1148 3462 1149 3511 l

147 3566 150 3573 “
325 3565 329 3575 “
437 3561 450 3600 b
672 3573 676 3579 ·
933 3582 935 3586 .
1028 3578 1034 3585 .

627 3566 634 3587 Ι

396 3669 404 3690 l
603 3648 611 3659 a

365 3809 367 3814 ’
377 3815 379 3818 ·
538 3805 553 3829 ae
