2334 3934
256 150 679 284 arusianensis.
712 151 853 255 ιρι),
948 148 1027 254 faa
1068 176 1071 188 ’
1110 259 1116 266 ,

21 355 93 395 cum
119 335 297 420 corporibus
310 340 400 400 simul
416 337 532 410 animos
550 335 675 415 interire
692 349 785 418 ‘atque
804 342 910 400 ‘omnia
931 350 1028 401 morte

21 422 127 482 doleri.
170 427 242 486 Plus
268 421 350 506 apud
376 431 431 484 me‘
453 425 647 504 antiquorum
676 427 840 491 auctoritas
868 427 950 489 valet
977 425 1028 487 vel

20 517 198 570 nostrorum
218 512 380 586 maiorum,
405 509 458 590 qui
480 510 688 572 manuisum
712 511 887 588 relig-iosa'
878 531 944 571 rura
965 511 1027 571 tri·

21 593 172 656 buerunt:
196 597 277 675 quod
294 617 359 658 nou
373 597 722 694 fecisseuhprolecto,'
698 617 724 655 ιι
743 596 823 655 nihil
837 596 876 654 ad
892 616 1029 676 eospsr·
1043 648 1046 652 .
1140 647 1147 661 s

20 678 121 738 liuere
142 681 371 747 arbitrarentur:
381 679 451 746 vel
458 685 579 772 eorum,
600 681 654 759 qui
675 681 709 740 ιιι
723 680 781 740 hac
797 692 878 740 {erra
893 683 1028 759 fuerunt,
1099 722 1101 739 ι
1151 686 1153 689 ’

21 783 222 845 magnamque
240 768 405 844 Graeciam,
425 786 500 845 quaa
517 785 600 826 nunc
614 765 734 844 quidem
752 767 850 826 deleta
867 777 929 843 est3
950 730 1032 827 tund

21 849 162 928 florebat,
181 845 327 914 institutis
345 853 569 953 eupraeeeptis
581 852 644 915 auis
664 851 856 913 erudierunta
881 852 978 914 vel'
952 872 1027 927 erus,

23 955 74 1012 qur
65 934 241 1015 Apollinis
263 938 387 1009 oraculo
401 936 638 1018 sapientissimus
652 947 697 996 est
715 937 882 1014 iudicatus,
897 937 947 1016 qui
964 957 1037 997 uon·

22 1029 88 1078 tum
107 1021 169 1081 hoc
184 1032 249 1082 tuna
265 1022 354 1095 illud,
377 1024 457 1082 utin
472 1023 634 1103 plerisque,
649 1023 701 1082 aad
718 1023 798 1082 idem
804 1043 937 1103 semper,
949 1025 1028 1084 Ani-

24 1126 90 1163 mos
106 1094 268 1166 Ιιοιιιιιιιιιιι
289 1129 350 1166 esse
365 1105 518 1170 divinos'
505 1111 615 1188 sisque,
639 1129 737 1187 pesum
755 1130 770 1167 e
791 1129 913 1202 corpore
931 1119 1029 1166 exces-
1085 1150 1093 1156 -

23 1193 147 1277 sissent,
169 1191 349 1252 rediturum
369 1195 489 1261 coelum
499 1205 607 1284 putere
624 1197 796 1273 optimoque
812 1205 841 1251 et
850 1184 1029 1277 iustissimi

25 1279 139 1356 cuique
160 1276 429 1358 ιιιιειίιιίιιὶιιιιιιιι-
466 1273 531 1345 14.
545 1277 638 1352 Quod
655 1279 728 1338 item
749 1266 885 1358 Scipioni
902 1266 1028 1359 videba—
1037 1283 1063 1296 ''

24 1370 85 1436 lur,
108 1361 319 1450 quiquidem,
325 1363 411 1442 quasi
425 1365 617 1446 praesagiret,
638 1363 798 1443 perpaucis
813 1373 882 1424 ante
902 1354 1031 1424 morlens

26 1446 145 1522 diebus,
168 1467 258 1526 quum
275 1458 304 1507 ct
314 1439 424 1507 Philus
443 1457 472 1507 et
488 1448 632 1508 Manilius
648 1449 788 1508 adessent
800 1459 836 1508 et
849 1449 901 1508 alii
915 1444 1032 1529 plures,

25 1540 121 1610 tuque
140 1533 240 1608 eliam,
261 1533 415 1616 Scaevola,
435 1543 554 1600 mecum
571 1531 715 1608 venisses,
735 1535 872 1593 triduum
885 1533 1029 1594 disseruit

26 1616 64 1678 de
82 1614 271 1698 republica:
295 1618 385 1678 cuius
401 1617 614 1698 disputationis
635 1619 694 1677 luit
716 1629 887 1680 extremum
897 1621 970 1679 lere
991 1617 1029 1678 dc

25 1701 302 1762 irumortalitate
274 1704 453 1783 animorum,
475 1725 551 1784 quac
570 1725 602 1765 se
618 1703 652 1762 in
673 1705 773 1784 quiete
796 1724 853 1784 per
870 1704 971 1790 visum
990 1722 1030 1766 ex
1066 1715 1067 1720 ’

26 1786 171 1848 Africano
191 1788 475 1852 audissedicebat.
496 1790 576 1849 ld
553 1811 582 1851 su
601 1789 643 1850 ila
664 1797 718 1867 est,
739 1797 776 1850 ul
797 1787 920 1870 oplimi
923 1790 1030 1853 cuius-
1074 1811 1079 1817 ·

28 1893 87 1952 que
104 1875 222 1934 animus
238 1874 272 1934 iu
286 1885 383 1934 morte
401 1875 547 1934 facillime
564 1876 664 1936 evolet
682 1884 835 1960 tamquam
853 1896 870 1934 e
891 1873 1029 1934 custodia
1110 1934 1113 1939 ,

26 1951 218 2039 vinculisque
231 1961 385 2039 corporia3
405 1961 455 2022 cui
470 1958 624 2022 causemur
640 1972 762 2020 cursum
775 1961 813 2019 ad
828 1960 898 2019 deos
914 1959 1028 2020 sacilio-
1040 1954 1041 1957 ¹

26 2063 91 2104 rem
113 2044 217 2122 fuisse,
241 2067 331 2124 quam
353 2045 510 2125 Scipioni?
555 2046 717 2122 Quocirca,
735 2065 867 2104 maerere
884 2045 990 2104 hoc
963 2065 1028 2105 erus
1050 2062 1060 2112 ᾖ
1136 2116 1138 2123 y

29 2141 151 2204 evenlu,
172 2149 290 2228 verepr,
304 2152 343 2190 ne
357 2130 567 2208 invidimagi's
591 2151 681 2208 quam
698 2130 787 2188 amici
805 2131 854 2189 sit.
897 2131 953 2188 Sin
975 2149 1029 2187 ou-

28 2222 90 2272 tem
110 2215 164 2274 illa
183 2215 319 2292 veriora,
328 2225 377 2274 ut
396 2206 478 2284 idem
497 2215 636 2292 interitus
654 2215 710 2274 sit
717 2216 888 2277 animorum
901 2225 941 2274 et
953 2235 1030 2274 cor·-

28 2321 149 2388 porum,
162 2321 218 2360 uec
229 2298 313 2361 ullus
332 2317 437 2364 seusus
456 2309 592 2379 maneat3
612 2310 649 2362 ut
660 2299 740 2360 nihil
753 2301 825 2360 boui
839 2311 885 2360 est
896 2302 931 2360 ιιι
943 2321 1029 2360 mor·
1034 2339 1038 2343 —

27 2397 77 2460 ιι,
90 2389 139 2450 sic
148 2396 234 2448 certe
243 2386 323 2446 nihil
336 2387 430 2449 mali.
459 2389 556 2451 Seusu
571 2387 652 2446 enim
665 2387 773 2447 amisso
788 2386 825 2447 fit
838 2387 928 2462 idem,
944 2384 1030 2464 quasi

28 2482 119 2536 natus
140 2495 204 2534 non
228 2482 305 2532 esset
325 2473 466 2534 omniuo.
484 2495 577 2553 quem
599 2483 779 2533 lamanasse
802 2481 907 2533 natum
927 2481 958 2530 et
971 2491 1029 2529 uos

29 2559 205 2640 gaudemus,
219 2557 335 2616 et-lraec
350 2559 468 2638 civitas,
480 2561 553 2619 dum
570 2559 637 2632 erit,
653 2559 820 2619 laetabitur.
845 2558 895 2624 15}
918 2555 1030 2630 Quam-

31 2647 140 2724 obrem.
163 2665 233 2719 cum
253 2643 309 2702 illo
333 2640 473 2724 quidem,
503 2654 540 2705 ut
567 2665 660 2725 supra
679 2643 775 2721 dixi,
792 2652 895 2701 actum
916 2641 1031 2722 optime

30 2742 94 2810 ast,
110 2749 230 2796 mecum
244 2729 486 2810 incommodiuss
508 2751 598 2810 quem
620 2732 719 2789 fuerat
738 2728 878 2806 aequius,
887 2737 922 2798 ut
944 2727 1030 2807 prius

30 2815 216 2888 introieram,
238 2815 282 2876 sic
304 2817 390 2914 prius
411 2815 493 2874 exire
513 2816 552 2887 de
576 2815 650 2873 vita.
694 2814 753 2875 Sed
772 2823 874 2872 tamen
891 2812 1030 2872 recorda-

29 2903 113 2962 tione
132 2908 252 2960 nostrae
276 2901 353 2960 ami
340 2901 424 2959 iliae
447 2900 491 2959 sic
513 2901 609 2996 fruor,
629 2908 665 2958 ut
680 2898 766 2958 beate
788 2897 901 2958 vixisse
917 2898 1032 2972 videar,
1107 2902 1114 2919 ⁸

31 2987 189 3068 quiscum
205 2985 347 3084 Scipione
362 2985 508 3048 vixerim:
531 3005 664 3064 quocum
683 2983 770 3044 milri
778 2970 940 3043 coniuncta
957 3001 1031 3042 cura
1087 3007 1091 3012 ’

32 3075 70 3134 de
90 3091 124 3132 rc
137 3070 263 3150 publicu
274 3082 303 3130 et
316 3064 355 3130 de
374 3071 493 3168 privata
511 3072 587 3147 fuit,
596 3090 734 3167 quocunr
757 3079 787 3128 et
802 3069 909 3128 domus
927 3077 958 3126 et
970 3065 1032 3125 mi

29 3159 95 3219 lilia
111 3157 278 3216 communia
296 3166 325 3215 et
335 3157 403 3231 id,
394 3177 425 3215 ιιι
440 3177 498 3234 quo
517 3166 561 3215 est
576 3155 673 3214 omnis
687 3155 735 3215 vis
747 3150 903 3250 amicitiae,
916 3153 1032 3218 volun·
1053 3191 1056 3194 -

31 3254 139 3318 tatum,
154 3241 363 3321 studiorum,
352 3242 567 3301 sententiarum
585 3261 699 3300 summa
720 3238 892 3299 consensio.
927 3239 1033 3316 Iraque
1059 3268 1064 3273 ·

32 3349 95 3388 nou
112 3335 175 3404 tarn
189 3327 251 3385 ista
273 3347 321 3386 me
338 3327 510 3406 sapientiae,
527 3346 617 3405 quam
636 3325 728 3384 modo
743 3325 889 3382 Fannius
899 3343 1032 3381 comme·
1096 3391 1099 3395 1

31 3398 430 3490 moravil,fan1adclectat,
447 3412 520 3471 falsa
539 3410 725 3490 praecellius,
745 3429 835 3486 quam
857 3402 939 3484 quod
955 3407 1033 3466 arni·
1133 3471 1148 3494 ι

34 3499 121 3558 ciliae
141 3503 263 3558 nostrae
283 3497 459 3558 memoriam
481 3517 568 3578 spero
594 3495 805 3577 sempiternam
824 3494 897 3557 lora
940 3493 1034 3572 ldque
1092 3509 1098 3532 ι
